time,cpu_usage,ram_usage
1636553178,0.0037,75722752.0
1636553188,0.0037,140255232.0
1636553199,0.052663,184238080.0
1636553210,0.052663,217681920.0
1636553221,0.120889,305606656.0
1636553232,0.120889,356622336.0
1636553243,0.249958,412884992.0
1636553254,0.249958,417267712.0
1636553267,0.399306,421892096.0
1636553278,0.240794,421892096.0
1636553476,0.0057,448122880.0
1636553487,0.0,562274304.0
1636553497,0.016066,606273536.0
1636553508,0.016066,639688704.0
1636553519,0.0,681287680.0
1636553530,0.105559,778563584.0
1636553542,0.33184,834224128.0
1636553553,0.246502,838496256.0
1636553566,0.347677,842719232.0
1636553578,0.347677,429604864.0
1636553589,0.340037,433360896.0
1636553601,0.486821,440102912.0
1636553613,0.486821,445677568.0
1636553629,0.573533,452784128.0
1636553642,0.539525,461975552.0
1636553654,0.456806,468828160.0
1636553673,0.531007,480653312.0
1636553686,0.519589,488517632.0
1636553699,0.431666,499134464.0
1636553717,0.674343,507129856.0
1636553738,0.70743,519012352.0
1636553760,0.619805,529846272.0
1636553780,0.740856,541437952.0
1636553803,0.936727,553050112.0
1636553825,0.764781,567529472.0
1636553846,0.655772,578985984.0
1636554058,0.01138,659156992.0
1636554068,0.01138,723648512.0
1636554079,0.068614,767377408.0
1636554090,0.068614,800911360.0
1636554101,0.169702,889491456.0
1636554112,0.169702,939720704.0
1636554125,0.256353,987586560.0
1636554136,0.377196,997277696.0
1636554148,0.377196,1004253184.0
1636554160,0.366896,1004253184.0
1636554172,0.366896,432480256.0
1636554184,0.30767,438505472.0
1636554196,0.30767,443654144.0
1636554211,0.414731,451289088.0
1636554224,0.452184,458952704.0
1636554237,0.452184,466751488.0
1636554253,0.554053,476946432.0
1636554277,0.40688,533753856.0
1636554295,0.698835,542142464.0
1636554317,0.509997,551628800.0
1636554530,0.0,626094080.0
1636554541,0.070828,694079488.0
1636554552,0.01017,737923072.0
1636554563,0.01017,771387392.0
1636554858,0.0,290095104.0
1636554868,0.0,290095104.0
1636554879,0.0,140533760.0
1636554889,0.053926,217878528.0
1636554900,0.101052,306728960.0
1636554911,0.131976,356835328.0
1636554923,0.249553,412004352.0
1636554934,0.249553,416661504.0
1636554945,0.285719,421105664.0
1636554957,0.38163,430587904.0
1636554969,0.311608,436195328.0
1636554980,0.394314,441384960.0
1636554992,0.475604,447328256.0
1636555005,0.516287,454770688.0
1636555018,0.516287,460894208.0
1636555033,0.459242,468819968.0
1636555046,0.56619,477650944.0
1636555060,0.56619,543440896.0
1636555080,0.427083,556605440.0
1636555097,0.536488,566796288.0
1636555119,0.571991,576536576.0
1636555142,0.740285,586776576.0
1636555161,0.624625,598036480.0
1636555183,0.710692,609361920.0
1636555208,0.823236,622665728.0
1636555227,0.928746,635768832.0
1636555250,0.886891,649134080.0
1636555273,0.824098,662102016.0
1636555296,0.746959,678223872.0
1636555323,1.024457,693059584.0
1636555350,1.222709,708014080.0
1636555379,0.978312,725262336.0
1636555411,0.740763,742789120.0
1636555444,1.017904,760213504.0
1636555479,0.996544,780120064.0
1636555516,1.210739,799039488.0
1636555554,1.276808,816726016.0
1636555596,0.881292,837242880.0
1636555642,0.875193,858120192.0
1636555686,0.978793,881463296.0
1636555735,0.899309,902504448.0
1636555785,0.789552,925630464.0
1636555839,1.172361,949350400.0
1636555895,1.135866,972263424.0
1636555954,1.028181,997380096.0
1636556014,0.969411,1021845504.0
1636556079,1.052405,1048883200.0
1636556145,1.147444,1075277824.0
1636556214,1.040265,1102979072.0
1636556285,1.007388,1130758144.0
1636556484,0.00402,1206652928.0
1636556494,0.058732,1271042048.0
1636556505,0.060246,1314910208.0
1636556515,0.060246,1348313088.0
1636556526,0.119225,1437007872.0
1636556537,0.00826,1487216640.0
1636556548,0.24134,1537056768.0
1636556560,0.249071,1546403840.0
1636556571,0.371978,1551818752.0
1636556583,0.375588,1557741568.0
1636556594,0.375588,435908608.0
1636556606,0.411564,442175488.0
1636556618,0.553053,447807488.0
1636556634,0.565214,452956160.0
1636556646,0.525587,461721600.0
1636556659,0.525587,469921792.0
1636556677,0.609582,480014336.0
1636556690,0.559604,547336192.0
1636556703,0.640239,558026752.0
1636556720,0.67778,565583872.0
1636556742,0.551738,577294336.0
1636556955,0.035575,651325440.0
1636556965,0.068594,719437824.0
1636556976,0.068594,744603648.0
1636556987,0.017263,796844032.0
1636556998,0.070179,885506048.0
1636557009,0.070179,935604224.0
1636557021,0.305094,985243648.0
1636557032,0.36166,996851712.0
1636557044,0.245186,999796736.0
1636557056,0.279892,999796736.0
1636557068,0.279892,434053120.0
1636557080,0.427087,439644160.0
1636557093,0.541163,445079552.0
1636557110,0.664157,451211264.0
1636557122,0.647166,459395072.0
1636557136,0.367859,466255872.0
1636557151,0.451518,477401088.0
1636557173,0.609622,533413888.0
1636557194,0.517588,545959936.0
1636557215,0.507738,552615936.0
1636557237,0.558235,565563392.0
1636557259,0.765949,575434752.0
1636557280,0.635734,587612160.0
1636557303,0.812759,598724608.0
1636557327,0.84949,612528128.0
1636557352,0.85827,624070656.0
1636557376,0.78877,638529536.0
1636557400,0.825363,651284480.0
1636557427,0.943709,667222016.0
1636557480,0.791664,682872832.0
1636557517,0.987908,699748352.0
1636557582,0.900813,720355328.0
1636557649,0.934801,740380672.0
1636557718,0.86172,760594432.0
1636557791,0.850983,784117760.0
1636557871,0.957321,806367232.0
1636557956,0.892458,827858944.0
1636558047,0.862628,852090880.0
1636558140,0.978176,877436928.0
1636558239,0.864823,903852032.0
1636558339,0.865434,931483648.0
1636558444,0.925441,959242240.0
1636558622,0.996645,1011965952.0
1636558817,0.899874,1067683840.0
1636559416,0.039573,1229537280.0
1636559426,0.089099,1293795328.0
1636559437,0.008015,1337946112.0
1636559447,0.008015,1371303936.0
1636559459,0.014787,1459998720.0
1636559470,0.097368,1510084608.0
1636559481,0.30259,1556021248.0
1636559493,0.30259,1559351296.0
1636559692,0.011828,482279424.0
1636559703,0.011828,546713600.0
1636559713,0.014823,590589952.0
1636559724,0.014823,624025600.0
1636559735,0.06962,712847360.0
1636559746,0.113841,762994688.0
1636559757,0.280052,813809664.0
1636559768,0.243098,822996992.0
1636559780,0.243098,822996992.0
1636559980,0.043972,489144320.0
1636559991,0.049622,557121536.0
1636560001,0.052478,601022464.0
1636560012,0.0,634462208.0
1636560023,0.043276,723095552.0
1636560034,0.043276,773312512.0
1636560045,0.25367,822394880.0
1636560057,0.27619,830910464.0
1636560255,0.065981,486690816.0
1636560265,0.071028,554594304.0
1636560276,0.071028,598528000.0
1636560287,0.008673,631713792.0
1636560298,0.011597,720396288.0
1636560310,0.011597,770441216.0
1636560322,0.298907,820129792.0
1636560334,0.294144,830296064.0
1636560346,0.300571,834723840.0
1636560358,0.364677,834936832.0
1636560370,0.364677,434954240.0
1636560385,0.276787,440315904.0
1636560398,0.508518,447586304.0
1636560411,0.399862,453079040.0
1636560429,0.479414,460136448.0
1636560442,0.627696,468762624.0
1636560456,0.411616,477798400.0
1636560472,0.675943,535031808.0
1636560493,0.565968,547258368.0
1636560516,0.569484,555458560.0
1636560535,0.516528,565653504.0
1636560557,0.628049,576249856.0
1636560581,0.706661,588324864.0
1636560601,0.883552,598671360.0
1636560819,0.006386,678531072.0
1636560830,0.041714,743182336.0
1636560840,0.041714,787193856.0
1636560851,0.039366,820486144.0
1636560862,0.047289,909033472.0
1636560874,0.047289,959217664.0
1636560885,0.249708,1003356160.0
1636560897,0.334128,1020264448.0
1636560909,0.29257,1023762432.0
1636560921,0.361351,1023762432.0
1636560933,0.361351,437243904.0
1636560946,0.437509,442617856.0
1636560960,0.262928,447709184.0
1636560974,0.5891,454823936.0
1636560987,0.62854,461819904.0
1636561001,0.390707,469401600.0
1636561015,0.491576,478781440.0
1636561037,0.54586,547241984.0
1636561057,0.648868,557228032.0
1636561079,0.531079,564961280.0
1636561101,0.599306,576032768.0
1636561122,0.618382,586674176.0
1636561146,0.703716,598298624.0
1636561166,0.931869,608464896.0
1636561189,0.928423,622034944.0
1636561216,0.925929,633081856.0
1636561256,0.853769,648192000.0
1636561287,0.926098,664129536.0
1636561315,0.940288,679608320.0
1636561369,0.86347,696528896.0
1636561403,0.850634,711221248.0
1636561464,0.927113,732123136.0
1636561533,0.858864,752058368.0
1636561601,0.840073,773279744.0
1636561640,0.841528,792817664.0
1636561720,0.86891,815210496.0
1636561803,0.888672,837230592.0
1636561893,0.981265,861708288.0
1636561983,0.90151,886616064.0
1636562085,0.983066,914997248.0
1636562182,0.881272,940740608.0
1636562289,0.788442,968445952.0
1636562466,0.93217,1020444672.0
1636562656,0.945377,1073631232.0
1636562863,0.927493,1073721344.0
1636563264,0.003953,1149042688.0
1636563274,0.003953,1213681664.0
1636563285,0.01453,1257672704.0
1636563295,0.01453,1291096064.0
1636563306,0.164139,1379549184.0
1636563317,0.164139,1429561344.0
1636563329,0.238168,1475911680.0
1636563340,0.245971,1488945152.0
1636563351,0.37021,1493614592.0
1636563363,0.37021,1494233088.0
1636563565,0.027649,496803840.0
1636563575,0.118995,561512448.0
1636563586,0.043405,605532160.0
1636563597,0.008906,638803968.0
1636563607,0.007823,727482368.0
1636563618,0.013434,777662464.0
1636563630,0.277229,824131584.0
1636563642,0.337317,838049792.0
1636563653,0.325891,838049792.0
1636563665,0.359879,426217472.0
1636563676,0.374364,432394240.0
1636563876,0.041357,507211776.0
1636563887,0.001626,573034496.0
1636563897,0.008481,616984576.0
1636563908,0.008481,650219520.0
1636563919,0.049625,738930688.0
1636563931,0.166082,788983808.0
1636563944,0.241702,837009408.0
1636563955,0.242742,847360000.0
1636563967,0.372802,852750336.0
1636563979,0.352276,426106880.0
1636563992,0.36284,436383744.0
1636564006,0.374484,441741312.0
1636564019,0.481284,448282624.0
1636564031,0.481284,454901760.0
1636564049,0.496162,461504512.0
1636564062,0.614116,470728704.0
1636564076,0.390968,479850496.0
1636564092,0.493209,487968768.0
1636564118,0.507664,558010368.0
1636564134,0.604156,565821440.0
1636564156,0.49655,577159168.0
1636564181,0.805607,586170368.0
1636564199,0.663967,598216704.0
1636564221,0.735329,608190464.0
1636564248,0.914654,621150208.0
1636564271,0.827023,633266176.0
1636564295,0.953183,647630848.0
1636564320,0.844764,660992000.0
1636564347,0.962522,677183488.0
1636564377,0.82432,691142656.0
1636564406,0.823983,705703936.0
1636564442,0.821728,724152320.0
1636564510,0.897177,744308736.0
1636564578,0.879473,765448192.0
1636564649,0.855333,786051072.0
1636564700,0.897056,807391232.0
1636564782,0.836102,830197760.0
1636564873,0.954615,853610496.0
1636564963,0.827338,878084096.0
1636565062,0.983279,904228864.0
1636565160,0.926561,932524032.0
1636565268,0.909604,960258048.0
1636565442,0.913095,1012097024.0
1636565634,0.911979,1068834816.0
1636565837,0.922617,1128001536.0
1636566235,0.00647,1241772032.0
1636566245,0.050102,1300037632.0
1636566256,0.049802,1344004096.0
1636566267,0.049802,1377325056.0
1636566278,0.010459,1466388480.0
1636566289,0.010459,1516294144.0
1636566301,0.316564,1575002112.0
1636566313,0.316564,1585242112.0
1636566326,0.306184,1589055488.0
1636566338,0.321903,1600532480.0
1636566350,0.321903,435466240.0
1636566365,0.612356,441356288.0
1636566378,0.635066,449302528.0
1636566391,0.414554,455794688.0
1636566407,0.546771,463847424.0
1636566420,0.489814,471711744.0
1636566434,0.609561,480305152.0
1636566454,0.360325,534528000.0
1636566471,0.631334,544223232.0
1636566495,0.547635,551612416.0
1636566709,0.004424,629506048.0
1636566720,0.027195,694153216.0
1636566730,0.027195,738193408.0
1636566741,0.092865,771649536.0
1636566752,0.012542,860336128.0
1636566763,0.012542,910520320.0
1636566774,0.248331,959836160.0
1636566785,0.250539,970850304.0
1636566797,0.429121,975233024.0
1636566809,0.334494,975675392.0
1636566820,0.334494,436400128.0
1636566832,0.493949,442585088.0
1636566844,0.36913,448217088.0
1636566860,0.52015,453341184.0
1636566873,0.351864,454111232.0
1636567077,0.00687,529960960.0
1636567087,0.008495,594694144.0
1636567098,0.008495,638889984.0
1636567108,0.008292,671956992.0
1636567119,0.104846,760672256.0
1636567130,0.104846,810840064.0
1636567141,0.310507,852504576.0
1636567153,0.388136,870330368.0
1636567165,0.309635,870330368.0
1636567365,0.107201,488833024.0
1636567376,0.107201,556736512.0
1636567386,0.079019,600780800.0
1636567397,0.079019,634318848.0
1636567408,0.012993,722644992.0
1636567420,0.012993,772624384.0
1636567431,0.330424,824725504.0
1636567443,0.283443,833122304.0
1636567455,0.304907,833122304.0
1636567468,0.568877,428220416.0
1636567674,0.033282,504061952.0
1636567684,0.053794,568647680.0
1636567695,0.053794,612618240.0
1636567706,0.107067,646119424.0
1636567717,0.007745,734806016.0
1636567728,0.007745,784945152.0
1636567740,0.245743,831361024.0
1636567752,0.273111,839225344.0
1636567952,0.012389,487014400.0
1636567962,0.012389,551448576.0
1636567973,0.01617,595390464.0
1636567984,0.01617,628850688.0
1636567994,0.088886,717516800.0
1636568005,0.088886,767787008.0
1636568017,0.241708,821620736.0
1636568029,0.241708,821620736.0
1636568232,0.007974,486420480.0
1636568242,0.006889,551063552.0
1636568253,0.0,595062784.0
1636568263,0.0,628379648.0
1636568274,0.044851,717037568.0
1636568285,0.044851,767332352.0
1636568297,0.316434,816291840.0
1636568309,0.274435,826249216.0
1636568320,0.282413,826249216.0
1636568332,0.42056,428236800.0
1636568343,0.368487,432709632.0
1636568355,0.378855,438845440.0
1636568367,0.439226,444317696.0
1636568381,0.378895,450166784.0
1636568394,0.484993,458354688.0
1636568406,0.484993,465149952.0
1636568424,0.698329,476057600.0
1636568437,0.818701,547971072.0
1636568450,0.456495,558342144.0
1636568468,0.605181,561319936.0
1636568675,0.092828,633790464.0
1636568686,0.109126,701857792.0
1636568697,0.109126,745844736.0
1636568708,0.007326,779161600.0
1636568719,0.044244,867852288.0
1636568731,0.126771,918237184.0
1636568744,0.239896,968286208.0
1636568755,0.305731,978169856.0
1636568767,0.351842,978169856.0
1636568778,0.363518,432418816.0
1636568791,0.363518,436097024.0
1636568805,0.499756,441167872.0
1636569012,0.007178,518201344.0
1636569022,0.007178,582967296.0
1636569033,0.008485,627089408.0
1636569044,0.008485,659869696.0
1636569055,0.048023,748646400.0
1636569066,0.137417,798830592.0
1636569077,0.238169,850190336.0
1636569090,0.239894,857796608.0
1636569101,0.318534,862240768.0
1636569114,0.395941,862953472.0
1636569126,0.395941,432386048.0
1636569141,0.583147,438181888.0
1636569155,0.441044,445157376.0
1636569167,0.442508,453210112.0
1636569183,0.52476,459718656.0
1636569196,0.614101,469721088.0
1636569210,0.585575,478199808.0
1636569228,0.321434,535011328.0
1636569249,0.612289,545898496.0
1636569270,0.518646,552427520.0
1636569292,0.734877,565587968.0
1636569313,0.709739,574779392.0
1636569334,0.748323,586764288.0
1636569356,0.717411,597987328.0
1636569381,0.630091,611962880.0
1636569406,0.791062,624001024.0
1636569430,0.827581,637919232.0
1636569454,0.772885,651190272.0
1636569484,0.924882,666820608.0
1636569536,0.793205,685531136.0
1636569571,0.947928,699117568.0
1636569637,0.972376,720453632.0
1636569705,0.8971,740073472.0
1636569773,0.927757,761401344.0
1636569844,0.908446,782118912.0
1636569922,0.972671,805916672.0
1636570008,0.935962,828874752.0
1636570093,0.831799,852336640.0
1636570184,0.860698,877191168.0
1636570282,0.844269,903548928.0
1636570384,0.908697,931102720.0
1636570492,0.99946,959422464.0
1636570662,0.961903,1010855936.0
1636570867,0.934708,1065283584.0
1636571480,0.044052,1146097664.0
1636571490,0.05674,1210785792.0
1636571501,0.075978,1245405184.0
1636571511,0.024766,1310089216.0
1636571522,0.024766,1351704576.0
1636571533,0.065397,1457692672.0
1636571544,0.24706,1480134656.0
1636571555,0.414492,1489317888.0
1636571567,0.414492,1493037056.0
1636571580,0.255632,1493348352.0
1636571591,0.398365,437227520.0
1636571603,0.38205,441638912.0
1636571615,0.467956,450215936.0
1636571628,0.467956,456429568.0
1636571643,0.497879,463486976.0
1636571656,0.576463,471937024.0
1636571669,0.558085,481341440.0
1636571689,0.259731,536158208.0
1636571708,0.525857,545992704.0
1636571729,0.526176,555405312.0
1636571751,0.725835,566231040.0
1636571771,0.547485,574238720.0
1636571793,0.639329,588320768.0
1636571817,0.875205,599396352.0
1636571836,0.784327,613437440.0
1636571860,0.900806,624791552.0
1636571882,0.87184,639483904.0
1636571904,0.954187,652083200.0
1636571929,1.121941,667947008.0
1636571954,1.035211,682467328.0
1636571982,1.204016,697888768.0
1636572011,1.058578,715808768.0
1636572041,0.728813,732377088.0
1636572076,0.803955,749031424.0
1636572109,0.959711,768954368.0
1636572147,1.003763,787984384.0
1636572187,1.196672,805707776.0
1636572227,1.065281,825786368.0
1636572271,0.781315,846360576.0
1636572317,0.866414,870146048.0
1636572365,1.27331,891002880.0
1636572415,1.158882,913985536.0
1636572468,0.991192,937947136.0
1636572524,1.033386,960897024.0
1636572582,1.163673,986009600.0
1636572642,1.200591,1011970048.0
1636572706,0.874854,1037889536.0
1636572772,1.198607,1063714816.0
1636572840,1.372836,1091883008.0
1636572912,1.020677,1120280576.0
1636573114,0.058649,1196285952.0
1636573124,0.058649,1261019136.0
1636573135,0.091356,1304862720.0
1636573145,0.091356,1304862720.0
1636573157,0.100753,1411649536.0
1636573168,0.0,1461518336.0
1636573179,0.23853,1522892800.0
1636573191,0.288655,1535238144.0
1636573202,0.382497,1539915776.0
1636573214,0.374472,1540427776.0
1636573226,0.374472,434757632.0
1636573240,0.502579,442122240.0
1636573253,0.480347,449019904.0
1636573265,0.439799,454823936.0
1636573277,0.609626,462602240.0
1636573289,0.308884,470151168.0
1636573305,0.657626,480165888.0
1636573318,0.648872,488034304.0
1636573331,0.648872,558641152.0
1636573348,0.598042,568020992.0
1636573370,0.512297,578297856.0
1636573392,0.650453,588558336.0
1636573413,0.669966,600571904.0
1636573436,0.675271,610574336.0
1636573457,0.636243,624758784.0
1636573479,0.760367,635109376.0
1636573501,0.804245,650489856.0
1636573524,1.060298,664035328.0
1636573547,0.869773,679817216.0
1636573573,1.03326,694276096.0
1636573601,1.30697,709386240.0
1636573630,1.104673,726847488.0
1636573662,1.011673,744296448.0
1636573695,0.767701,761106432.0
1636573731,1.026645,781107200.0
1636573768,1.190109,799268864.0
1636573807,1.321365,817598464.0
1636573848,1.053761,837668864.0
1636573892,0.909909,858607616.0
1636573939,1.141861,882237440.0
1636573986,1.095994,902873088.0
1636574038,1.126483,925986816.0
1636574091,0.836007,948846592.0
1636574147,0.77173,973074432.0
1636574206,1.054271,997613568.0
1636574266,0.873297,1023832064.0
1636574331,1.218199,1050562560.0
1636574397,0.925204,1073111040.0
1636574467,1.074093,1073557504.0
1636574538,1.137825,1073664000.0
1636574743,0.0,1149714432.0
1636574753,0.079845,1214402560.0
1636574764,0.040735,1248866304.0
1636574775,0.06068,1282228224.0
1636574786,0.149528,1355182080.0
1636574798,0.052737,1457610752.0
1636574810,0.240786,1475973120.0
1636574821,0.290587,1485172736.0
1636575025,0.031297,487395328.0
1636575035,0.033448,552054784.0
1636575046,0.033448,596312064.0
1636575057,0.031158,629436416.0
1636575068,0.009398,718147584.0
1636575079,0.007561,767930368.0
1636575091,0.246385,810692608.0
1636575102,0.335602,828502016.0
1636575114,0.335602,828502016.0
1636575126,0.356832,425668608.0
1636575138,0.352225,437321728.0
1636575151,0.384632,442642432.0
1636575164,0.530022,449433600.0
1636575177,0.414179,456556544.0
1636575190,0.486594,463093760.0
1636575396,0.036844,540061696.0
1636575406,0.07178,604790784.0
1636575417,0.07178,648720384.0
1636575428,0.008376,681906176.0
1636575439,0.028206,770695168.0
1636575450,0.028206,820932608.0
1636575461,0.0,820932608.0
1636575473,0.277315,880295936.0
1636575485,0.26628,884527104.0
1636575496,0.37118,884527104.0
1636575508,0.386544,437301248.0
1636575520,0.392292,442638336.0
1636575532,0.392292,448315392.0
1636575546,0.269418,453734400.0
1636575558,0.481993,463441920.0
1636575570,0.481993,470515712.0
1636575589,0.486259,481099776.0
1636575602,0.728278,548380672.0
1636575615,0.509976,558010368.0
1636575632,0.628039,566534144.0
1636575654,0.608047,577150976.0
1636575676,0.638113,587214848.0
1636575697,0.683868,599420928.0
1636575719,0.719627,609656832.0
1636575740,0.700688,623206400.0
1636575762,0.663742,634216448.0
1636575786,0.861499,648908800.0
1636575807,0.772793,662704128.0
1636575831,0.789099,677675008.0
1636575856,1.003366,692981760.0
1636575884,1.281547,707346432.0
1636575914,0.853603,725352448.0
1636575945,0.702858,742608896.0
1636575978,0.912388,758870016.0
1636576014,0.97987,779702272.0
1636576051,1.374551,796823552.0
1636576090,0.842309,816168960.0
1636576131,0.751935,836087808.0
1636576175,1.348587,857305088.0
1636576221,1.100457,881602560.0
1636576269,1.02054,902680576.0
1636576320,0.915056,925372416.0
1636576373,1.059419,949014528.0
1636576429,1.151861,971984896.0
1636576489,1.110889,997433344.0
1636576549,1.0585,1022214144.0
1636576614,1.107158,1049219072.0
1636576680,1.073399,1075339264.0
1636576749,1.012953,1103908864.0
1636576821,0.90372,1131454464.0
1636577037,0.036262,1204699136.0
1636577047,0.036262,1279041536.0
1636577058,0.036844,1304125440.0
1636577069,0.04426,1368850432.0
1636577080,0.065597,1410588672.0
1636577091,0.195325,1516802048.0
1636577102,0.261828,1542127616.0
1636577113,0.261828,1547345920.0
1636577125,0.252158,1547345920.0
1636577136,0.350342,425213952.0
1636577148,0.418921,437678080.0
1636577160,0.418921,441532416.0
1636577172,0.54865,449085440.0
1636577184,0.259309,455303168.0
1636577198,0.486149,461950976.0
1636577210,0.240156,461950976.0
1636577414,0.003469,537731072.0
1636577425,0.003469,602370048.0
1636577435,0.016437,646389760.0
1636577446,0.155851,679784448.0
1636577457,0.155851,768430080.0
1636577468,0.008144,818241536.0
1636577480,0.244894,864329728.0
1636577492,0.346865,877326336.0
1636577503,0.310729,878833664.0
1636577515,0.238744,420319232.0
1636577716,0.048527,496275456.0
1636577727,0.048527,560906240.0
1636577737,0.0,604794880.0
1636577748,0.0,638193664.0
1636577760,0.043037,726913024.0
1636577771,0.095921,776982528.0
1636577782,0.270115,826814464.0
1636577794,0.270115,835489792.0
1636577806,0.41695,835489792.0
1636577818,0.467816,428679168.0
1636577830,0.361259,433131520.0
1636577846,0.535365,438321152.0
1636577860,0.646029,445423616.0
1636577873,0.431527,452210688.0
1636577889,0.435303,458772480.0
1636577901,0.570821,467521536.0
1636577915,0.36567,476590080.0
1636577933,0.404426,532869120.0
1636577953,0.561212,542801920.0
1636577975,0.509484,549531648.0
1636577996,0.60925,560824320.0
1636578017,0.658366,571895808.0
1636578039,0.765989,584028160.0
1636578255,0.101018,680423424.0
1636578266,0.101018,744939520.0
1636578276,0.011753,789065728.0
1636578287,0.09597,822525952.0
1636578298,0.027043,911216640.0
1636578309,0.027043,961167360.0
1636578320,0.276229,1006448640.0
1636578332,0.305462,1021358080.0
1636578344,0.305462,1025368064.0
1636578355,0.408301,1025368064.0
1636578367,0.408301,436850688.0
1636578379,0.327259,442667008.0
1636578391,0.327259,447983616.0
1636578405,0.255705,454012928.0
1636578417,0.565768,462860288.0
1636578624,0.004918,538849280.0
1636578634,0.004918,603590656.0
1636578645,0.048642,647487488.0
1636578655,0.048642,680927232.0
1636578666,0.138377,769892352.0
1636578677,0.009427,819888128.0
1636578689,0.243569,870682624.0
1636578700,0.250669,879636480.0
1636578711,0.283504,884547584.0
1636578723,0.338398,884547584.0
1636578734,0.338398,436105216.0
1636578746,0.483397,442515456.0
1636578758,0.483397,448450560.0
1636578775,0.574825,455417856.0
1636578982,0.006065,532320256.0
1636578993,0.007161,596963328.0
1636579003,0.007161,640708608.0
1636579014,0.080344,674074624.0
1636579026,0.122544,746954752.0
1636579037,0.131984,840249344.0
1636579048,0.238997,858431488.0
1636579060,0.296306,871317504.0
1636579071,0.358092,875843584.0
1636579083,0.310842,876707840.0
1636579096,0.326275,432291840.0
1636579110,0.281508,437239808.0
1636579123,0.510962,444747776.0
1636579135,0.416808,450199552.0
1636579152,0.522186,458162176.0
1636579166,0.238515,458162176.0
1636579372,0.004835,530694144.0
1636579383,0.054179,595439616.0
1636579393,0.054179,630054912.0
1636579405,0.050599,663494656.0
1636579416,0.168787,736509952.0
1636579427,0.071034,842358784.0
1636579439,0.242866,861626368.0
1636579451,0.381705,873492480.0
1636579463,0.381705,419606528.0
1636579476,0.28141,425062400.0
1636579488,0.530194,431038464.0
1636579501,0.36536,436129792.0
1636579514,0.638841,445157376.0
1636579527,0.432044,451604480.0
1636579540,0.416947,457465856.0
1636579554,0.624614,466243584.0
1636579568,0.459209,475844608.0
1636579584,0.755337,508637184.0
1636579606,0.524473,519585792.0
1636579627,0.53032,528769024.0
1636579647,0.804488,540459008.0
1636579669,0.665085,549818368.0
1636579691,0.646879,563101696.0
1636579712,0.910473,574111744.0
1636579737,0.858675,588517376.0
1636579762,0.845177,600117248.0
1636579785,0.762456,614408192.0
1636579810,0.879682,628297728.0
1636579840,0.929388,643997696.0
1636579894,0.817531,660393984.0
1636579952,0.894502,678338560.0
1636580014,0.855115,699547648.0
1636580082,0.944264,719306752.0
1636580150,0.93301,740257792.0
1636580222,0.820218,759373824.0
1636580269,0.911654,782462976.0
1636580352,0.851784,804139008.0
1636580441,0.980354,827318272.0
1636580529,0.920927,852881408.0
1636580583,0.97087,874655744.0
1636580681,0.90559,902287360.0
1636580786,0.880231,930033664.0
1636580962,0.962996,982409216.0
1636581152,0.974472,1039503360.0
1636729948,0.005439,77746176.0
1636729958,0.005439,142446592.0
1636729969,0.057025,186458112.0
1636729979,0.057025,219820032.0
1636729990,0.121859,308817920.0
1636730001,0.121859,359063552.0
1636730014,0.254618,407564288.0
1636730025,0.260728,418385920.0
1636730036,0.332649,419557376.0
1636730247,0.004925,492351488.0
1636730257,0.0,557195264.0
1636730268,0.0,591814656.0
1636730278,0.053265,656691200.0
1636730289,0.081958,698241024.0
1636730300,0.081958,748433408.0
1636730311,0.306171,831381504.0
1636730323,0.295171,836165632.0
1636730334,0.295171,836165632.0
1636730346,0.321365,426864640.0
1636730358,0.302413,437243904.0
1636730370,0.302413,442044416.0
1636730382,0.489358,449056768.0
1636730394,0.420106,456003584.0
1636730407,0.639154,462061568.0
1636730419,0.308838,470548480.0
1636730434,0.661438,479657984.0
1636730447,0.719216,487751680.0
1636730460,0.556198,569876480.0
1636730477,0.617123,579821568.0
1636730499,0.505214,590696448.0
1636730521,0.630222,600788992.0
1636730542,0.741443,612478976.0
1636730564,0.683492,624115712.0
1636730586,0.748488,635645952.0
1636730607,0.8431,647229440.0
1636730630,0.946567,660688896.0
1636730652,0.849378,674873344.0
1636730675,0.723851,689561600.0
1636730701,1.153578,704430080.0
1636730729,1.299474,719749120.0
1636730758,0.846444,738541568.0
1636730789,0.753793,755097600.0
1636730822,1.078329,772083712.0
1636730857,0.819984,792461312.0
1636730894,1.358302,809615360.0
1636730932,1.118343,829034496.0
1636730974,0.839191,848891904.0
1636731017,1.075654,870842368.0
1636731063,1.008432,893358080.0
1636731110,1.191096,915644416.0
1636731162,0.918992,938586112.0
1636731215,0.858284,961359872.0
1636731270,1.256305,985518080.0
1636731328,1.341431,1010294784.0
1636731389,1.20118,1034936320.0
1636731451,0.956712,1061793792.0
1636731517,1.20318,1088569344.0
1636731585,1.228785,1116397568.0
1636731657,0.944812,1144758272.0
1636731732,1.085708,1173270528.0
1636731810,1.26656,1203683328.0
1636732819,0.047424,1527037952.0
1636732829,0.096175,1591603200.0
1636732839,0.052301,1626238976.0
1636732851,0.046587,1659576320.0
1636732862,0.046587,1732579328.0
1636732873,0.069612,1835102208.0
1636732884,0.243432,1857413120.0
1636732895,0.280319,1866489856.0
1636732906,0.345451,1870483456.0
1636732919,0.345451,1870483456.0
1636732930,0.315133,435957760.0
1636732944,0.581087,441368576.0
1636732956,0.443052,448389120.0
1636732968,0.417128,455307264.0
1636732980,0.506927,462209024.0
1636732992,0.506927,470519808.0
1636733008,0.627394,480538624.0
1636733021,0.568613,547110912.0
1636733034,0.498812,558755840.0
1636733051,0.666055,566919168.0
1636733073,0.7387,578351104.0
1636733096,0.746424,587083776.0
1636733116,0.764811,599220224.0
1636733138,0.885877,612216832.0
1636733161,0.775642,624164864.0
1636733181,0.590169,635613184.0
1636733205,0.69612,649969664.0
1636733227,0.868147,663203840.0
1636733250,0.719302,678895616.0
1636733276,1.222773,693723136.0
1636733303,1.137279,708960256.0
1636733333,0.957261,726761472.0
1636733363,0.777135,743591936.0
1636733397,0.897834,760504320.0
1636733432,0.826085,780357632.0
1636733469,1.2909,798130176.0
1636733507,1.142583,817393664.0
1636733549,0.891592,837238784.0
1636733593,0.985484,858259456.0
1636733639,1.073991,881815552.0
1636733686,1.156688,902422528.0
1636733737,1.135831,925806592.0
1636733791,0.790931,949362688.0
1636733846,1.19015,971948032.0
1636733903,1.095464,997392384.0
1636733965,1.083501,1022377984.0
1636734027,0.948391,1049178112.0
1636734093,0.984362,1074982912.0
1636734162,1.094145,1103654912.0
1636734234,1.008853,1131610112.0
1636734308,1.083629,1161310208.0
1636734387,1.287774,1190805504.0
1636735393,0.00413,1510334464.0
1636735403,0.070441,1574903808.0
1636735414,0.070441,1609621504.0
1636735424,0.063299,1643089920.0
1636735435,0.128756,1715986432.0
1636735446,0.077889,1766178816.0
1636735457,0.24084,1843728384.0
1636735469,0.326153,1853984768.0
1636735481,0.326153,1856811008.0
1636735492,0.243348,1857236992.0
1636735504,0.243348,426057728.0
1636735707,0.035526,501829632.0
1636735717,0.035526,566489088.0
1636735728,0.019265,610537472.0
1636735739,0.019265,643940352.0
1636735749,0.092322,732729344.0
1636735760,0.092322,783183872.0
1636735772,0.247515,837791744.0
1636735783,0.244792,842694656.0
1636735794,0.248979,842694656.0
1636735806,0.327879,426639360.0
1636735818,0.414539,437510144.0
1636735829,0.424952,443322368.0
1636735841,0.424952,448856064.0
1636735858,0.47598,453537792.0
1636735870,0.43727,462348288.0
1636735882,0.491126,469737472.0
1636735901,0.636101,480100352.0
1636735914,0.44528,546693120.0
1636735927,0.510014,557694976.0
1636735944,0.731554,565202944.0
1636735966,0.507672,576200704.0
1636735989,0.72161,586657792.0
1636736008,0.636203,598728704.0
1636736031,0.830118,611409920.0
1636736053,0.913735,623919104.0
1636736074,0.784964,634818560.0
1636736098,0.803079,649482240.0
1636736119,0.853387,662851584.0
1636736143,0.961969,678551552.0
1636736169,1.135561,694439936.0
1636736195,1.385498,708300800.0
1636736225,0.757128,725708800.0
1636736256,0.855648,743079936.0
1636736289,0.855648,759918592.0
1636736324,1.103189,779616256.0
1636736362,1.226395,798523392.0
1636736400,1.382358,816308224.0
1636736441,0.878579,837500928.0
1636736485,1.318104,857538560.0
1636736531,0.988294,881549312.0
1636736578,1.117442,902291456.0
1636736629,1.039395,925745152.0
1636736683,0.979704,949121024.0
1636736738,0.974012,972664832.0
1636736796,1.209601,997601280.0
1636736858,1.135354,1022861312.0
1636736921,1.06801,1050480640.0
1636736986,0.716188,1075802112.0
1636737056,0.978135,1103466496.0
1636737128,0.965247,1131851776.0
1636737202,1.024407,1160671232.0
1636737280,1.328581,1191010304.0
1636737361,0.950312,1221705728.0
1636737444,1.161026,1252487168.0
1636737532,1.149738,1284083712.0
1636738245,0.006892,1505050624.0
1636738256,0.065242,1579773952.0
1636738266,0.059466,1604489216.0
1636738277,0.06796,1669214208.0
1636738288,0.06796,1710972928.0
1636738299,0.081282,1815465984.0
1636738310,0.291954,1832554496.0
1636738323,0.421677,1847726080.0
1636738334,0.280277,1847726080.0
1636738346,0.280277,420290560.0
1636738549,0.010962,495943680.0
1636738559,0.010962,560586752.0
1636738570,0.062842,604610560.0
1636738580,0.062842,638070784.0
1636738591,0.005847,638111744.0
1636738602,0.091982,776962048.0
1636738613,0.24889,825581568.0
1636738625,0.24889,834510848.0
1636738637,0.366888,834510848.0
1636738648,0.366976,431796224.0
1636738660,0.366976,435965952.0
1636738672,0.549142,442191872.0
1636738684,0.260876,447201280.0
1636738698,0.494116,453861376.0
1636738996,0.080954,480321536.0
1636739006,0.078826,140468224.0
1636739017,0.007953,184381440.0
1636739027,0.00722,217776128.0
1636739038,0.009573,306749440.0
1636739049,0.009573,356708352.0
1636739061,0.294844,401301504.0
1636739072,0.312114,416825344.0
1636739083,0.312114,420421632.0
1636739095,0.329273,426307584.0
1636739106,0.329273,436236288.0
1636739118,0.37426,442982400.0
1636739130,0.37426,447799296.0
1636739145,0.580589,453419008.0
1636739157,0.527978,462307328.0
1636739170,0.440817,469581824.0
1636739188,0.506247,480002048.0
1636739201,0.605487,487432192.0
1636739214,0.605487,557920256.0
1636739231,0.664143,565596160.0
1636739253,0.570914,577933312.0
1636739276,0.649272,587599872.0
1636739295,0.888537,599121920.0
1636739319,0.967526,610844672.0
1636739340,0.75999,623624192.0
1636739361,0.772302,634585088.0
1636739385,0.934291,650100736.0
1636739406,0.831974,663482368.0
1636739430,1.174726,679071744.0
1636739455,1.176103,694157312.0
1636739483,0.924538,709099520.0
1636739512,0.93587,726777856.0
1636739543,0.80713,743854080.0
1636739577,0.869125,760930304.0
1636739611,0.820559,780595200.0
1636739648,1.214264,799125504.0
1636739686,1.204089,817618944.0
1636739727,0.797389,837365760.0
1636739771,0.684117,858066944.0
1636739817,0.945779,881922048.0
1636739864,1.117526,903667712.0
1636739915,0.853611,926978048.0
1636739968,1.067232,950595584.0
1636740023,1.046189,974061568.0
1636740080,1.358083,999374848.0
1636740141,0.979844,1024552960.0
1636740204,0.832695,1051406336.0
1636740269,1.178916,1077608448.0
1636740338,1.127001,1106464768.0
1636740410,1.019504,1134133248.0
1636740484,1.225706,1162960896.0
1636740562,1.015838,1193369600.0
1636740643,1.009023,1224159232.0
1636741554,0.000144,1463312384.0
1636741564,0.063946,1583853568.0
1636741575,0.063946,1608921088.0
1636741586,0.072536,1673732096.0
1636741597,0.0,1715318784.0
1636741607,0.034431,1821163520.0
1636741619,0.238873,1842081792.0
1636741632,0.338946,1854062592.0
1636741644,0.315335,1854062592.0
1636741655,0.336101,426557440.0
1636741667,0.461024,436551680.0
1636741679,0.326648,440942592.0
1636741691,0.461852,448421888.0
1636741703,0.257534,448303104.0
1636741909,0.010556,524480512.0
1636741919,0.090987,588861440.0
1636741930,0.060243,632872960.0
1636741940,0.060243,666177536.0
1636741951,0.12478,754745344.0
1636741962,0.135801,805036032.0
1636741973,0.271521,853954560.0
1636741985,0.271521,863883264.0
1636741997,0.398304,863883264.0
1636742008,0.408497,428462080.0
1636742020,0.408497,436764672.0
1636742032,0.519371,443494400.0
1636742043,0.263146,448847872.0
1636742057,0.461319,454246400.0
1636742070,0.480683,463659008.0
1636742082,0.480683,472195072.0
1636742101,0.750466,481267712.0
1636742114,0.561158,548253696.0
1636742127,0.570729,559390720.0
1636742144,0.642613,567332864.0
1636742166,0.52327,577454080.0
1636742188,0.718472,588234752.0
1636742208,0.643012,599846912.0
1636742231,0.811627,610369536.0
1636742252,0.939056,624820224.0
1636742274,0.755027,635191296.0
1636742575,0.065532,715169792.0
1636742585,0.077253,779894784.0
1636742595,0.060163,780017664.0
1636742606,0.074174,218025984.0
1636742617,0.157027,306823168.0
1636742628,0.087785,356880384.0
1636742639,0.246919,404717568.0
1636742651,0.337165,416288768.0
1636742663,0.394738,421797888.0
1636742674,0.379832,427413504.0
1636742686,0.379832,435888128.0
1636742698,0.35059,442765312.0
1636742709,0.299042,448675840.0
1636742723,0.510881,453730304.0
1636742735,0.445467,462286848.0
1636742748,0.497587,469737472.0
1636742766,0.572167,479354880.0
1636742779,0.582252,546844672.0
1636742792,0.582252,557813760.0
1636743092,0.009208,634466304.0
1636743103,0.009208,634466304.0
1636743113,0.010095,184307712.0
1636743124,0.010095,217804800.0
1636743135,0.135239,306319360.0
1636743146,0.079843,356532224.0
1636743158,0.241415,407121920.0
1636743169,0.274586,416387072.0
1636743181,0.274586,420237312.0
1636743192,0.328472,431968256.0
1636743204,0.328472,435924992.0
1636743216,0.514354,442675200.0
1636743228,0.250032,448770048.0
1636743242,0.439901,454283264.0
1636743255,0.541552,462524416.0
1636743268,0.541552,469336064.0
1636743285,0.566205,479625216.0
1636743298,0.832674,547184640.0
1636743311,0.52959,557277184.0
1636743329,0.757654,566538240.0
1636743351,0.515527,575885312.0
1636743372,0.637299,587984896.0
1636743393,0.713935,599683072.0
1636743415,0.656924,609472512.0
1636743437,0.897013,624041984.0
1636743460,0.754803,635162624.0
1636743481,0.767432,649375744.0
1636743503,0.922866,662646784.0
1636743528,0.906862,678612992.0
1636743554,1.183877,693620736.0
1636743582,1.193973,708366336.0
1636743610,1.149543,726233088.0
1636743642,0.952099,742854656.0
1636743676,0.840461,759988224.0
1636743711,0.835728,780288000.0
1636743748,1.02484,798699520.0
1636743787,1.209167,816742400.0
1636743829,0.863976,836993024.0
1636743873,1.085845,857456640.0
1636743920,1.109525,881455104.0
1636743968,1.083867,902356992.0
1636744019,0.920891,924954624.0
1636744073,1.109348,948727808.0
1636744129,1.174217,972582912.0
1636744189,1.03727,997502976.0
1636744249,0.984213,1021878272.0
1636744314,1.11862,1049546752.0
1636744381,1.307712,1075691520.0
1636744450,1.277107,1104625664.0
1636744522,0.85293,1133244416.0
1636744598,0.998079,1160921088.0
1636744677,1.057985,1191239680.0
1636745697,0.000122,1414393856.0
1636745708,0.0,1488719872.0
1636745718,0.0,1513754624.0
1636745729,0.06009,1578467328.0
1636745740,0.066153,1620267008.0
1636745751,0.113584,1717506048.0
1636745762,0.29283,1753501696.0
1636745773,0.29283,1758638080.0
1636745785,0.295176,1762451456.0
1636745796,0.320601,1766617088.0
1636745808,0.356568,433127424.0
1636745820,0.356568,437477376.0
1636745835,0.567991,444284928.0
1636745847,0.500777,452272128.0
1636745859,0.438038,457957376.0
1636745878,0.492583,467197952.0
1636745890,0.571162,527966208.0
1636745903,0.571162,533499904.0
1636746203,0.0,562888704.0
1636746214,0.00649,562888704.0
1636746224,0.01893,184758272.0
1636746235,0.061766,218079232.0
1636746246,0.14171,306503680.0
1636746257,0.08653,356745216.0
1636746268,0.242921,406732800.0
1636746280,0.302077,414900224.0
1636746291,0.351875,420724736.0
1636746303,0.391572,427913216.0
1636746314,0.375026,433061888.0
1636746326,0.540901,438673408.0
1636746338,0.255825,443781120.0
1636746352,0.482463,449740800.0
1636746365,0.470389,458395648.0
1636746377,0.470389,465543168.0
1636746396,0.464509,467886080.0
1636746597,0.005389,543887360.0
1636746607,0.006278,608468992.0
1636746618,0.033836,652455936.0
1636746629,0.033836,685850624.0
1636746639,0.06967,774680576.0
1636746651,0.06967,824672256.0
1636746664,0.247207,874745856.0
1636746675,0.247207,882831360.0
1636746686,0.329013,882831360.0
1636746892,0.007084,492654592.0
1636747045,0.426492,268431360.0
1636747240,0.035647,340975616.0
1636747251,0.054508,408952832.0
1636747261,0.046558,434089984.0
1636747272,0.021693,486330368.0
1636747283,0.083084,575401984.0
1636747294,0.083084,625266688.0
1636747305,0.307961,675770368.0
1636747316,0.361142,682942464.0
1636747327,0.251923,689405952.0
1636747339,0.265171,689405952.0
1636747352,0.37719,433725440.0
1636747364,0.406579,439189504.0
1636747377,0.406579,444649472.0
1636747389,0.37535,452141056.0
1636747402,0.397505,459431936.0
1636747416,0.381175,466542592.0
1636747428,0.584353,477036544.0
1636747441,0.584353,543932416.0
1636747460,0.85972,559214592.0
1636747480,0.616618,566456320.0
1636747502,0.564229,579211264.0
1636747524,0.601028,588562432.0
1636747544,0.554101,600592384.0
1636747568,0.857859,611794944.0
1636747589,0.827556,625344512.0
1636747611,0.678785,636354560.0
1636747904,0.0,712519680.0
1636747914,0.0,780480512.0
1636747925,0.043931,780480512.0
1636747935,0.043931,217681920.0
1636747946,0.058726,259473408.0
1636747958,0.065547,356921344.0
1636747969,0.291302,410267648.0
1636747980,0.291302,414478336.0
1636747993,0.424137,420716544.0
1636748004,0.26526,430776320.0
1636748016,0.343909,435998720.0
1636748028,0.475164,442314752.0
1636748040,0.402771,447844352.0
1636748242,0.031205,525971456.0
1636748252,0.031205,590786560.0
1636748263,0.012228,634699776.0
1636748273,0.012228,667967488.0
1636748284,0.056041,757039104.0
1636748295,0.056041,806924288.0
1636748306,0.352587,861532160.0
1636748318,0.368312,865046528.0
1636748331,0.307687,870273024.0
1636748342,0.415755,874897408.0
1636748354,0.364901,882896896.0
1636748366,0.46638,442048512.0
1636748378,0.327265,448065536.0
1636748394,0.53349,453144576.0
1636748406,0.520633,462438400.0
1636748419,0.488077,469405696.0
1636748437,0.528868,527814656.0
1636748450,0.53257,536305664.0
1636748463,0.604718,545894400.0
1636748480,0.753583,553246720.0
1636748502,0.631307,565325824.0
1636748525,0.638189,574562304.0
1636748545,0.518416,586469376.0
1636748568,0.935626,599314432.0
1636748589,0.776223,612315136.0
1636748610,0.774414,624070656.0
1636748634,0.910006,638431232.0
1636748655,0.863158,651816960.0
1636748679,1.085548,667271168.0
1636748705,1.154474,682221568.0
1636748732,0.951282,697135104.0
1636748762,1.068353,715210752.0
1636748792,0.914383,732303360.0
1636748826,0.839585,748924928.0
1636748861,1.296338,768942080.0
1636748898,1.046681,787533824.0
1636748937,1.223455,806244352.0
1636748978,0.957929,826585088.0
1636749022,0.911729,847876096.0
1636749068,0.989401,871075840.0
1636749116,1.131593,892006400.0
1636749167,1.198564,915542016.0
1636749221,0.868354,938774528.0
1636749276,1.259496,962179072.0
1636749334,1.209814,987447296.0
1636749395,1.082968,1012412416.0
1636749459,0.943759,1039773696.0
1636749524,1.177249,1065660416.0
1636749593,1.09248,1093595136.0
1636749665,1.053853,1121669120.0
1636749740,1.20594,1151287296.0
1636749818,1.149665,1180884992.0
1636750827,0.005785,1499934720.0
1636750838,0.061321,1574318080.0
1636750848,0.061321,1599447040.0
1636750859,0.066638,1664167936.0
1636750870,0.066638,1705930752.0
1636750881,0.124342,1811697664.0
1636750893,0.283334,1833517056.0
1636750905,0.248937,1833517056.0
1636751102,0.029334,482648064.0
1636751113,0.029334,547221504.0
1636751123,0.02507,591298560.0
1636751134,0.02507,624713728.0
1636751145,0.071841,700661760.0
1636751156,0.081291,763604992.0
1636751167,0.246348,819154944.0
1636751178,0.246348,819154944.0
1636751377,0.013574,488652800.0
1636751387,0.013574,553230336.0
1636751398,0.02865,597041152.0
1636751408,0.02865,630370304.0
1636751419,0.097683,718774272.0
1636751430,0.097683,768872448.0
1636751442,0.268544,820502528.0
1636751453,0.244747,830570496.0
1636751465,0.250355,834994176.0
1636751476,0.261691,834994176.0
1636751488,0.384034,436760576.0
1636751499,0.236131,436760576.0
1636751696,0.068763,509132800.0
1636751706,0.108638,577236992.0
1636751717,0.108638,621219840.0
1636751727,0.030751,654733312.0
1636751739,0.059582,743362560.0
1636751750,0.059582,793427968.0
1636751761,0.320952,834740224.0
1636751772,0.246313,854155264.0
1636751784,0.245101,858546176.0
1636751795,0.246384,858546176.0
1636751807,0.392117,436830208.0
1636751819,0.441271,442982400.0
1636751831,0.441271,448958464.0
1636751848,0.471112,455012352.0
1636751861,0.579422,462544896.0
1636751874,0.579422,469917696.0
1636751890,0.651091,479735808.0
1636751903,0.751328,487624704.0
1636751917,0.527613,556711936.0
1636751934,0.689816,565559296.0
1636751956,0.509673,575086592.0
1636751976,0.771239,588468224.0
1636751998,0.646281,600088576.0
1636752020,0.632077,610537472.0
1636752042,0.869397,624230400.0
1636752065,0.764649,635006976.0
1636752086,0.855533,649687040.0
1636752108,1.046252,664023040.0
1636752133,0.804592,678961152.0
1636752159,0.914311,693493760.0
1636752187,1.21631,708354048.0
1636752216,1.078357,725905408.0
1636752246,1.302877,742993920.0
1636752280,0.765804,759902208.0
1636752314,1.038254,779776000.0
1636752352,1.228036,798310400.0
1636752392,1.202124,816836608.0
1636752433,1.136035,836681728.0
1636752476,0.773479,856772608.0
1636752522,1.13814,881201152.0
1636752570,1.216828,901931008.0
1636752621,0.951021,924741632.0
1636752675,1.238058,948211712.0
1636752730,1.092112,971616256.0
1636752788,1.131732,996986880.0
1636752850,1.14267,1021440000.0
1636752913,1.015729,1048993792.0
1636752979,1.105192,1074958336.0
1636753048,1.211606,1103511552.0
1636753121,1.184637,1131061248.0
1636753431,1.191641,1228746752.0
1636754335,0.004811,1513525248.0
1636754345,0.063488,1578291200.0
1636754355,0.080944,1612898304.0
1636754366,0.05734,1646215168.0
1636754378,0.036413,1719193600.0
1636754389,0.056889,1825193984.0
1636754400,0.241445,1847476224.0
1636754411,0.397713,1855983616.0
1636754422,0.247409,1860648960.0
1636754434,0.248973,1860648960.0
1636754446,0.37613,435564544.0
1636754459,0.496293,441794560.0
1636754471,0.397115,448679936.0
1636754483,0.46105,455675904.0
1636754501,0.503143,462508032.0
1636754514,0.480726,471482368.0
1636754528,0.493671,518795264.0
1636754544,0.607096,525369344.0
1636754564,0.510646,537378816.0
1636754586,0.490522,542457856.0
1636754608,0.69128,555671552.0
1636754628,0.573083,565882880.0
1636754651,0.721685,578351104.0
1636754672,0.835866,591343616.0
1636754694,0.730144,603242496.0
1636754717,0.798142,615391232.0
1636754738,0.943005,629219328.0
1636754761,0.820695,642965504.0
1636754786,0.689475,657915904.0
1636754811,0.856374,672722944.0
1636754840,1.191727,687808512.0
1636754869,0.775845,705941504.0
1636754899,0.870987,722276352.0
1636754933,0.86676,739909632.0
1636754968,0.915191,759586816.0
1636755006,1.244462,778244096.0
1636755045,0.968372,796110848.0
1636755087,0.854802,816701440.0
1636755129,1.030925,837513216.0
1636755176,1.092379,861585408.0
1636755224,0.90962,882921472.0
1636755275,0.976538,905805824.0
1636755328,1.261086,930037760.0
1636755384,1.084597,952803328.0
1636755442,1.179795,978018304.0
1636755504,1.023158,1002618880.0
1636755567,0.898463,1029681152.0
1636755633,1.252129,1055686656.0
1636755703,1.252011,1084243968.0
1636755776,0.990211,1111920640.0
1636755851,0.731505,1141846016.0
1636755929,1.15469,1171922944.0
1636756010,1.263223,1202835456.0
1636756094,1.290032,1234907136.0
1636756182,1.012583,1264660480.0
1636756881,0.028428,1450827776.0
1636756891,0.067348,1518809088.0
1636756902,0.055433,1562898432.0
1636756912,0.020759,1596358656.0
1636756923,0.071168,1685094400.0
1636756934,0.071168,1735290880.0
1636756946,0.321288,1783771136.0
1636756958,0.382609,1795026944.0
1636756969,0.23924,1799884800.0
1636756980,0.25028,1806229504.0
1636756992,0.431921,1806229504.0
1636757004,0.24222,438743040.0
1636757200,0.046571,511291392.0
1636757210,0.047988,579235840.0
1636757221,0.046363,604471296.0
1636757232,0.065146,656805888.0
1636757243,0.049704,745336832.0
1636757254,0.049704,795574272.0
1636757265,0.220757,850792448.0
1636757276,0.324234,855146496.0
1636757287,0.324234,855625728.0
1636757484,0.002712,492646400.0
1636757494,0.002712,557285376.0
1636757505,0.08606,582549504.0
1636757516,0.08606,634724352.0
1636757526,0.042788,723644416.0
1636757537,0.031945,773701632.0
1636757548,0.26298,827924480.0
1636757560,0.26298,832540672.0
1636757573,0.476696,837226496.0
1636757584,0.302491,837480448.0
1636757596,0.372432,431759360.0
1636757609,0.407126,438902784.0
1636757621,0.407126,444682240.0
1636757637,0.491735,450473984.0
1636757650,0.48153,459628544.0
1636757663,0.48153,467030016.0
1636757679,0.657436,506535936.0
1636757692,0.688692,516972544.0
1636757705,0.520556,526352384.0
1636757723,0.591789,534347776.0
1636757745,0.552215,544931840.0
1636757766,0.517481,555212800.0
1636757788,0.775126,559628288.0
1636757986,0.034357,632147968.0
1636757996,0.097669,700157952.0
1636758007,0.019791,744161280.0
1636758017,0.019791,777547776.0
1636758028,0.066976,866287616.0
1636758039,0.066976,916443136.0
1636758050,0.204323,970473472.0
1636758062,0.276607,974123008.0
1636758259,0.034804,490459136.0
1636758269,0.040704,554741760.0
1636758280,0.050505,599113728.0
1636758290,0.050505,632217600.0
1636758301,0.075154,721047552.0
1636758312,0.075154,771092480.0
1636758324,0.263453,825729024.0
1636758335,0.263453,829489152.0
1636758348,0.445472,833916928.0
1636758359,0.28271,834289664.0
1636758371,0.28271,436174848.0
1636758383,0.420403,442433536.0
1636758395,0.420403,448172032.0
1636758411,0.542075,452927488.0
1636758424,0.490418,462393344.0
1636758437,0.490418,470589440.0
1636758454,0.599901,479195136.0
1636758467,0.794843,536109056.0
1636758480,0.52154,545112064.0
1636758498,0.66166,554442752.0
1636758519,0.509644,556015616.0
1636758715,0.006803,583802880.0
1636758914,0.0,100139008.0
1636758924,0.0,168153088.0
1636758935,0.04517,193392640.0
1636758945,0.04517,245600256.0
1636758956,0.064669,303161344.0
1636758967,0.070116,384495616.0
1636758978,0.30101,441020416.0
1636758989,0.30101,444231680.0
1636759001,0.435332,449585152.0
1636759012,0.435332,432889856.0
1636759025,0.239552,436916224.0
1636759037,0.420435,442757120.0
1636759049,0.419286,445648896.0
1636759372,0.31797,268402688.0
1636759436,0.352829,268435456.0
1636759515,0.335813,268414976.0
1636759606,0.353734,268427264.0
1636760005,0.015949,344834048.0
1636760016,0.06573,344834048.0
1636760026,0.071273,185167872.0
1636760037,0.010493,218517504.0
1636760048,0.010493,307220480.0
1636760059,0.082577,357326848.0
1636760070,0.264129,400949248.0
1636760082,0.37736,416120832.0
1636760094,0.305794,421130240.0
1636760105,0.416238,427278336.0
1636760117,0.416238,433709056.0
1636760129,0.339723,439291904.0
1636760141,0.339723,444436480.0
1636760155,0.610486,450383872.0
1636760167,0.544535,458960896.0
1636760180,0.457277,465989632.0
1636760198,0.519427,477061120.0
1636760211,0.628909,484540416.0
1636760224,0.449982,558649344.0
1636760241,0.625153,566738944.0
1636760263,0.791029,578097152.0
1636760285,0.613383,579743744.0
1636760494,0.00602,652816384.0
1636760505,0.034842,717561856.0
1636760515,0.034842,752168960.0
1636760526,0.062778,785604608.0
1636760538,0.048828,858640384.0
1636760549,0.0326,964345856.0
1636760560,0.295444,980881408.0
1636760571,0.295444,980881408.0
1636760771,0.033675,473612288.0
1636760781,0.070515,541720576.0
1636760792,0.02207,585863168.0
1636760802,0.02207,619175936.0
1636760813,0.059036,708083712.0
1636760824,0.059036,757796864.0
1636760836,0.322287,805646336.0
1636760847,0.385011,816136192.0
1636760860,0.24924,817930240.0
1636760872,0.439104,433389568.0
1636760883,0.365801,436748288.0
1636760895,0.442914,442716160.0
1636760907,0.442914,448098304.0
1636760923,0.539181,453365760.0
1636760936,0.46386,462692352.0
1636760948,0.46386,470007808.0
1636760968,0.432826,516608000.0
1636760987,0.504123,523730944.0
1636761008,0.489009,533962752.0
1636761031,0.577331,540930048.0
1636761051,0.652193,552411136.0
1636761072,0.603934,564187136.0
1636761096,0.766523,576688128.0
1636761115,0.980944,588623872.0
1636761138,0.995994,601722880.0
1636761162,0.815366,612700160.0
1636761182,1.110853,627617792.0
1636761205,0.830012,640425984.0
1636761230,0.963076,656093184.0
1636761254,0.91077,671027200.0
1636761282,1.085748,686739456.0
1636761312,0.965904,704880640.0
1636761343,1.134823,721903616.0
1636761376,0.806793,739094528.0
1636761412,0.819172,759246848.0
1636761449,1.067032,777277440.0
1636761489,0.990093,795619328.0
1636761531,1.059544,815546368.0
1636761574,0.784705,836374528.0
1636761619,1.259695,859758592.0
1636761669,0.893687,881094656.0
1636761720,1.072498,903643136.0
1636761773,1.058045,927318016.0
1636761829,1.239586,950095872.0
1636761887,1.12157,975597568.0
1636761948,1.148284,1000132608.0
1636762012,0.917439,1027796992.0
1636762078,1.306201,1053192192.0
1636762148,1.257404,1081405440.0
1636762221,1.014328,1109278720.0
1636762295,1.182464,1139019776.0
1636762374,1.124156,1169031168.0
1636763386,0.067833,1478488064.0
1636763396,0.058474,1543217152.0
1636763407,0.010718,1577906176.0
1636763417,0.036231,1642508288.0
1636763428,0.036231,1684578304.0
1636763439,0.092198,1790324736.0
1636763451,0.291657,1806188544.0
1636763462,0.245661,1821511680.0
1636763473,0.25089,1825169408.0
1636763486,0.277061,1825169408.0
1636763498,0.24369,432128000.0
1636763696,0.010771,508436480.0
1636763707,0.010771,573018112.0
1636763717,0.022619,616800256.0
1636763728,0.022619,650137600.0
1636763739,0.045856,738803712.0
1636763750,0.112785,788930560.0
1636763761,0.236525,831356928.0
1636763772,0.349776,849702912.0
1636763784,0.242025,849702912.0
1636763982,0.003565,493707264.0
1636763992,0.003565,558096384.0
1636764003,0.019683,601956352.0
1636764013,0.019683,635428864.0
1636764024,0.075254,724406272.0
1636764035,0.075254,774361088.0
1636764047,0.249676,829579264.0
1636764058,0.249676,833916928.0
1636764069,0.248934,840196096.0
1636764081,0.375301,840196096.0
1636764093,0.456672,433250304.0
1636764106,0.410147,438865920.0
1636764118,0.444302,444977152.0
1636764135,0.552731,450289664.0
1636764429,0.003221,526938112.0
1636764439,0.003221,526938112.0
1636764449,0.020531,184451072.0
1636764460,0.097495,217952256.0
1636764472,0.010197,306806784.0
1636764483,0.010197,356802560.0
1636764494,0.305588,412119040.0
1636764505,0.305588,416645120.0
1636764517,0.348064,422629376.0
1636764528,0.290752,431534080.0
1636764540,0.290752,436310016.0
1636764552,0.494267,442773504.0
1636764564,0.378158,447934464.0
1636764580,0.559291,453308416.0
1636764594,0.556201,462372864.0
1636764607,0.466247,470757376.0
1636764623,0.659157,479211520.0
1636764636,0.698257,487063552.0
1636764649,0.463929,570376192.0
1636764667,0.720186,579760128.0
1636764689,0.611618,590487552.0
1636764709,0.560524,599797760.0
1636764731,0.662396,611663872.0
1636764753,0.796276,622096384.0
1636764774,0.753189,635453440.0
1636764798,0.902238,646770688.0
1636764819,0.983806,661102592.0
1636764841,0.825255,675004416.0
1636764866,1.064228,690733056.0
1636764891,0.946425,705429504.0
1636764919,1.126111,721457152.0
1636764948,0.858089,739217408.0
1636764979,0.78046,755830784.0
1636765012,0.843721,774156288.0
1636765047,0.986012,793993216.0
1636765085,1.289839,811712512.0
1636765124,1.003752,830357504.0
1636765165,0.806869,850821120.0
1636765208,1.149841,870879232.0
1636765254,1.091342,894152704.0
1636765302,0.9844,915415040.0
1636765353,1.219004,938090496.0
1636765406,0.867425,961990656.0
1636765462,0.867425,984981504.0
1636765520,1.251154,1010647040.0
1636765580,1.09767,1035362304.0
1636765643,1.141403,1062227968.0
1636765710,1.27487,1088413696.0
1636765779,1.07626,1116590080.0
1636765850,1.023088,1144741888.0
1636765926,1.217971,1173749760.0
1636766334,1.41476,1304793088.0
1636767043,0.054853,1528991744.0
1636767053,0.060738,1593712640.0
1636767063,0.060738,1637531648.0
1636767075,0.059314,1671049216.0
1636767086,0.161374,1759842304.0
1636767096,0.0,1810018304.0
1636767108,0.244809,1860354048.0
1636767119,0.244809,1868722176.0
1636767131,0.242128,1874071552.0
1636767143,0.430814,1874071552.0
1636767155,0.340233,432435200.0
1636767167,0.566721,438575104.0
1636767179,0.245808,444792832.0
1636767192,0.487604,450752512.0
1636767204,0.492946,458805248.0
1636767217,0.492946,467251200.0
1636767235,0.750351,476135424.0
1636767248,0.716195,483659776.0
1636767261,0.488235,553889792.0
1636767279,0.713902,564310016.0
1636767300,0.537083,576155648.0
1636767321,0.596868,586874880.0
1636767343,0.648408,598749184.0
1636767365,0.711437,608346112.0
1636767387,0.905578,622813184.0
1636767409,0.768597,633978880.0
1636767431,0.832037,648941568.0
1636767454,0.951863,662032384.0
1636767477,0.83881,677498880.0
1636767503,0.95782,692277248.0
1636767530,1.389754,706605056.0
1636767560,0.819225,726454272.0
1636767591,0.843329,742072320.0
1636767623,1.025477,759750656.0
1636767659,1.12449,778715136.0
1636767695,1.329327,797118464.0
1636767734,0.780076,815116288.0
1636767775,0.831762,835809280.0
1636767820,1.122101,856227840.0
1636767865,1.170634,879726592.0
1636767914,1.071689,901222400.0
1636767964,1.118998,924160000.0
1636768017,0.83143,947392512.0
1636768072,1.03759,970641408.0
1636768132,1.069496,996323328.0
1636768191,1.231798,1021288448.0
1636768256,1.143627,1047523328.0
1636768322,0.960035,1073725440.0
1636768391,1.232308,1102106624.0
1636768462,0.958782,1130131456.0
1636768538,1.032752,1159282688.0
1636768945,1.211023,1290219520.0
1636769647,0.0,1514541056.0
1636769657,0.0596,1579298816.0
1636769669,0.0596,1617641472.0
1636769679,0.050674,1651032064.0
1636769690,0.050674,1723826176.0
1636769701,0.072296,1773912064.0
1636769712,0.242243,1843732480.0
1636769723,0.242243,1843732480.0
1636769921,0.053846,480968704.0
1636769932,0.007747,545546240.0
1636769943,0.000281,589492224.0
1636769953,0.006536,622960640.0
1636769964,0.061354,711647232.0
1636769975,0.061354,761823232.0
1636769987,0.359386,811655168.0
1636769998,0.237673,819589120.0
1636770010,0.242984,825151488.0
1636770021,0.254132,825151488.0
1636770219,0.050351,492806144.0
1636770230,0.087709,560746496.0
1636770240,0.046557,585879552.0
1636770251,0.078769,638111744.0
1636770262,0.063663,726941696.0
1636770273,0.045459,776962048.0
1636770284,0.303158,832524288.0
1636770295,0.303158,832524288.0
1636770496,0.057199,488329216.0
1636770506,0.08523,552919040.0
1636770517,0.01022,596955136.0
1636770527,0.01022,630288384.0
1636770538,0.013077,718909440.0
1636770549,0.013077,768999424.0
1636770560,0.00794,768999424.0
1636770572,0.330378,828182528.0
1636770583,0.325319,829829120.0
1636770594,0.253848,425840640.0
1636770606,0.376754,432029696.0
1636770807,0.003645,507506688.0
1636770817,0.003645,572432384.0
1636770828,0.02762,616374272.0
1636770839,0.02762,649887744.0
1636770849,0.075468,738467840.0
1636770861,0.108538,788631552.0
1636770872,0.248599,844185600.0
1636770883,0.254816,848588800.0
1636770894,0.254816,853102592.0
1636770906,0.251268,853102592.0
1636771105,0.051351,493559808.0
1636771116,0.069721,561623040.0
1636771126,0.084079,605532160.0
1636771137,0.084079,638865408.0
1636771148,0.027864,727724032.0
1636771159,0.027864,777773056.0
1636771170,0.28984,830029824.0
1636771181,0.361338,835411968.0
1636771193,0.477024,836509696.0
1636771205,0.27392,430825472.0
1636771216,0.358926,437760000.0
1636771229,0.425635,443219968.0
1636771241,0.425635,449179648.0
1636771257,0.504314,455491584.0
1636771270,0.48996,464044032.0
1636771284,0.533902,472014848.0
1636771299,0.626648,528232448.0
1636771312,0.770034,537972736.0
1636771326,0.480085,546459648.0
1636771343,0.74911,553734144.0
1636771365,0.530165,565370880.0
1636771386,0.547189,574562304.0
1636771408,0.750406,588099584.0
1636771429,0.703975,599310336.0
1636771451,0.805447,613715968.0
1636771474,0.87834,625369088.0
1636771495,0.841645,640069632.0
1636771518,0.935992,653332480.0
1636771542,0.81686,668938240.0
1636771568,0.918415,683315200.0
1636771596,1.258069,697999360.0
1636771625,1.050306,716324864.0
1636771655,0.730781,733016064.0
1636771688,1.006699,750370816.0
1636771982,0.005407,831127552.0
1636771993,0.005376,895672320.0
1636772003,0.021172,939905024.0
1636772014,0.021172,939905024.0
1636772025,0.091649,306618368.0
1636772036,0.091649,356769792.0
1636772048,0.241164,407625728.0
1636772059,0.244151,416595968.0
1636772070,0.247698,420589568.0
1636772082,0.382567,432078848.0
1636772093,0.348758,435781632.0
1636772105,0.434838,442769408.0
1636772117,0.446427,447717376.0
1636772134,0.54326,453062656.0
1636772146,0.528104,462163968.0
1636772158,0.463368,469766144.0
1636772176,0.522605,480296960.0
1636772190,0.606336,536838144.0
1636772203,0.664626,536838144.0
1636772220,0.722849,536834048.0
1636772242,0.532917,536338432.0
1636772264,0.73377,536817664.0
1636772284,0.603989,536817664.0
1636772307,0.945458,536858624.0
1636772329,0.724038,536858624.0
1636772350,0.598795,536801280.0
1636772374,0.845335,536866816.0
1636772396,0.796161,536084480.0
1636772420,0.731389,536862720.0
1636772449,0.829753,536862720.0
1636772477,1.008057,536846336.0
1636772513,0.901126,536870912.0
1636772561,0.695707,536862720.0
1636772629,0.650684,536862720.0
1636775727,0.325776,268369920.0
1636775821,0.344902,268369920.0
1636777625,0.0,341057536.0
1636777636,0.0,341057536.0
1636777838,0.004769,148488192.0
1636777848,0.077014,213229568.0
1636777859,0.077014,257048576.0
1636777870,0.060044,290426880.0
1636777881,0.060044,379207680.0
1636777891,0.008043,430649344.0
1636777903,0.248518,478408704.0
1636777915,0.249055,487002112.0
1636777926,0.253073,487002112.0
1636777937,0.42093,432291840.0
1636777949,0.373898,437133312.0
1636777961,0.479706,443203584.0
1636777973,0.263001,442925056.0
1636778177,0.006701,518803456.0
1636778187,0.008568,583675904.0
1636778198,0.008628,627466240.0
1636778208,0.058677,660795392.0
1636778220,0.058677,734232576.0
1636778231,0.087123,827363328.0
1636778243,0.262408,849117184.0
1636778254,0.310039,858771456.0
1636778265,0.310039,858771456.0
1636778277,0.481088,426242048.0
1636778288,0.2993,426242048.0
1636778489,0.038838,498827264.0
1636778499,0.038838,566894592.0
1636778510,0.049992,610852864.0
1636778520,0.049992,644231168.0
1636778531,0.000637,685887488.0
1636778542,0.045551,783187968.0
1636778553,0.249994,837734400.0
1636778564,0.249994,841629696.0
1636778577,0.404626,848195584.0
1636778589,0.315305,428265472.0
1636778600,0.324577,433045504.0
1636778613,0.488587,439521280.0
1636778625,0.414909,444887040.0
1636778641,0.598456,450392064.0
1636778653,0.480664,460189696.0
1636778667,0.480664,468144128.0
1636778684,0.643477,513683456.0
1636778696,0.691125,525467648.0
1636778710,0.691125,533803008.0
1636778727,0.626215,542404608.0
1636778749,0.515617,552652800.0
1636778771,0.62016,563027968.0
1636778792,0.746079,575930368.0
1636778814,0.740719,587321344.0
1636778835,0.808297,600305664.0
1636778858,0.808297,612241408.0
1636778879,0.939344,626700288.0
1636778902,0.818128,640765952.0
1636778926,0.779066,655810560.0
1636778952,0.815501,670785536.0
1636778980,1.296554,685719552.0
1636779009,0.785008,703807488.0
1636779040,0.7062,720490496.0
1636779074,0.99522,736976896.0
1636779108,0.982223,758054912.0
1636779146,1.334169,776245248.0
1636779185,1.386762,793985024.0
1636779226,0.754505,814567424.0
1636779269,1.164877,834990080.0
1636779315,1.13103,858857472.0
1636779363,1.080324,879849472.0
1636779414,1.082915,902889472.0
1636779468,1.029652,926539776.0
1636779523,1.041111,949870592.0
1636779581,1.234843,975273984.0
1636779643,0.978575,999845888.0
1636779706,0.990254,1026846720.0
1636779772,0.895533,1053114368.0
1636779841,1.254721,1081446400.0
1636779912,1.135682,1109397504.0
1636779989,1.064509,1139142656.0
1636780397,1.286654,1270837248.0
1636781111,0.037199,1462718464.0
1636781121,0.092622,1527529472.0
1636781132,0.022097,1562120192.0
1636781142,0.043112,1626791936.0
1636781153,0.071484,1668562944.0
1636781164,0.133627,1774354432.0
1636781175,0.25313,1790042112.0
1636781187,0.450679,1805864960.0
1636781199,0.239671,1805864960.0
1636781210,0.241396,425897984.0
1636781222,0.418106,438112256.0
1636781234,0.39812,441806848.0
1636781246,0.486396,448868352.0
1636781258,0.486396,455507968.0
1636781274,0.502372,462204928.0
1636781286,0.58985,471113728.0
1636781582,0.003709,547233792.0
1636781592,0.003709,547233792.0
1636781603,0.051316,184356864.0
1636781613,0.051316,217976832.0
1636781624,0.057927,306655232.0
1636781635,0.097016,356909056.0
1636781646,0.242123,412950528.0
1636781658,0.250361,418058240.0
1636781669,0.250361,422363136.0
1636781681,0.348568,427728896.0
1636781976,0.031355,505831424.0
1636781987,0.011781,509063168.0
1636781997,0.026517,184446976.0
1636782008,0.026517,217919488.0
1636782019,0.049907,306765824.0
1636782030,0.049907,356777984.0
1636782042,0.269072,412168192.0
1636782053,0.242576,416583680.0
1636782064,0.247121,421810176.0
1636782076,0.357004,426438656.0
1636782087,0.429192,436269056.0
1636782099,0.474881,442195968.0
1636782111,0.474881,447385600.0
1636782127,0.476562,453701632.0
1636782140,0.5,462798848.0
1636782152,0.5,470700032.0
1636782170,0.551843,480079872.0
1636782183,1.008538,488153088.0
1636782197,0.540978,557182976.0
1636782214,0.678654,565047296.0
1636782235,0.51211,575893504.0
1636782258,0.643772,586559488.0
1636782559,0.005482,664317952.0
1636782570,0.005482,664317952.0
1636782580,0.049259,184467456.0
1636782591,0.049259,217829376.0
1636782602,0.124342,306634752.0
1636782613,0.00694,356896768.0
1636782625,0.24216,402063360.0
1636782637,0.346508,415805440.0
1636782648,0.336188,415805440.0
1636782849,0.006638,491499520.0
1636782860,0.047027,556224512.0
1636782870,0.047027,600166400.0
1636782881,0.094628,633462784.0
1636782892,0.008942,722210816.0
1636782903,0.008942,772505600.0
1636782914,0.243711,821809152.0
1636782926,0.304589,831840256.0
1636782937,0.453164,831840256.0
1636782949,0.343325,431783936.0
1636782961,0.343325,435634176.0
1636782972,0.562832,442408960.0
1636782984,0.287501,448843776.0
1636782998,0.517132,453275648.0
1636783011,0.510572,462741504.0
1636783023,0.386962,470839296.0
1636783042,0.630038,480849920.0
1636783065,0.262733,536453120.0
1636783083,0.494214,548368384.0
1636783105,0.494277,556716032.0
1636783128,0.733105,568983552.0
1636783147,0.588478,578326528.0
1636783170,0.672031,590716928.0
1636783192,0.987607,602411008.0
1636783213,0.616113,616439808.0
1636783234,0.765108,627642368.0
1636783258,0.931493,642211840.0
1636783280,0.83739,655953920.0
1636783303,1.099988,671449088.0
1636783330,1.158917,685924352.0
1636783356,1.153206,700813312.0
1636783387,0.993182,719110144.0
1636783418,1.052098,735846400.0
1636783451,0.765363,753016832.0
1636783486,0.82925,773042176.0
1636783523,0.880057,790437888.0
1636783562,1.358377,809656320.0
1636783602,1.093011,830054400.0
1636783647,0.930497,850796544.0
1636783693,0.906068,874754048.0
1636783741,1.147901,895823872.0
1636783790,1.310155,918519808.0
1636783843,1.075596,943202304.0
1636783899,1.185506,966160384.0
1636783958,1.144861,991846400.0
1636784018,1.148366,1016754176.0
1636784082,1.004065,1043689472.0
1636784148,0.888311,1069486080.0
1636784217,0.999066,1097945088.0
1636784289,1.106681,1125515264.0
1636784364,0.994813,1155096576.0
1636784768,1.087387,1286656000.0
1636784860,1.156275,1318473728.0
1636785471,0.046194,1506689024.0
1636785482,0.07633,1580765184.0
1636785492,0.018255,1606017024.0
1636785503,0.02796,1670713344.0
1636785514,0.02796,1712361472.0
1636785525,0.084427,1818533888.0
1636785536,0.295833,1832157184.0
1636785547,0.441173,1850191872.0
1636785559,0.244038,1854189568.0
1636785572,0.463158,1854189568.0
1636785584,0.388534,433119232.0
1636785595,0.388534,437608448.0
1636785607,0.565232,445849600.0
1636785619,0.383171,452194304.0
1636785636,0.340517,453509120.0
1636785837,0.013946,529424384.0
1636785848,0.013946,594169856.0
1636785858,0.016844,637894656.0
1636785869,0.016844,671342592.0
1636785880,0.068454,760102912.0
1636785891,0.121696,810012672.0
1636785902,0.299434,862220288.0
1636785914,0.299434,870105088.0
1636785926,0.333376,870105088.0
1636785937,0.377855,432443392.0
1636785949,0.377855,432443392.0
1636786150,0.004042,508170240.0
1636786161,0.053189,572772352.0
1636786171,0.054583,616833024.0
1636786182,0.009395,650293248.0
1636786193,0.009395,738906112.0
1636786204,0.00864,789241856.0
1636786215,0.247527,837349376.0
1636786226,0.329875,846376960.0
1636786238,0.335478,848486400.0
1636786249,0.321251,431996928.0
1636786261,0.347183,435924992.0
1636786272,0.347183,442204160.0
1636786284,0.321057,447692800.0
1636786300,0.54872,456347648.0
1636786312,0.46161,463470592.0
1636786324,0.46161,469590016.0
1636786342,0.513798,480636928.0
1636786355,0.489853,487698432.0
1636786369,0.633824,557846528.0
1636786386,0.656068,565362688.0
1636786408,0.556752,577552384.0
1636786430,0.647438,587808768.0
1636786450,0.665377,599818240.0
1636786473,0.904882,612069376.0
1636786494,0.733874,624328704.0
1636786708,0.004617,701964288.0
1636786718,0.004617,766615552.0
1636786728,0.040804,810483712.0
1636786739,0.040804,843943936.0
1636786750,0.101769,932446208.0
1636786761,0.101769,982601728.0
1636786773,0.248017,1038438400.0
1636786784,0.250458,1043865600.0
1636786796,0.250458,1048379392.0
1636786807,0.423185,1048379392.0
1636786819,0.288736,433627136.0
1636787019,0.003,509517824.0
1636787029,0.123615,574038016.0
1636787040,0.046232,599269376.0
1636787051,0.046232,651587584.0
1636787062,0.042558,740581376.0
1636787073,0.042558,790487040.0
1636787084,0.234031,845873152.0
1636787095,0.242255,849608704.0
1636787107,0.415326,855183360.0
1636787118,0.247248,429531136.0
1636787130,0.249692,435388416.0
1636787143,0.42107,441651200.0
1636787155,0.412396,447561728.0
1636787167,0.616012,454275072.0
1636787179,0.26209,460709888.0
1636787194,0.541615,469553152.0
1636787206,0.672686,480227328.0
1636787220,0.624904,532828160.0
1636787238,0.640224,545341440.0
1636787258,0.514427,554057728.0
1636787281,0.602811,564334592.0
1636787302,0.746513,575221760.0
1636787323,0.646095,587227136.0
1636787346,0.738831,597811200.0
1636787367,0.686716,612237312.0
1636787389,0.754177,623632384.0
1636787411,0.782103,637898752.0
1636787434,0.786202,651563008.0
1636787458,0.932928,667443200.0
1636787484,1.139707,681807872.0
1636787511,1.178584,696832000.0
1636787540,1.121213,714539008.0
1636787572,0.790957,732041216.0
1636787605,0.794676,749608960.0
1636787640,1.21532,769306624.0
1636787678,1.159078,787722240.0
1636787717,1.244255,802443264.0
1636787758,0.947581,805044224.0
1636787802,0.922676,805249024.0
1636787849,1.037167,805298176.0
1636787896,1.178559,805269504.0
1636787948,0.936821,803749888.0
1636788001,0.944701,805199872.0
1636788057,1.115644,805163008.0
1636788115,1.185049,805122048.0
1636788177,0.9553,805294080.0
1636788241,1.001906,805253120.0
1636788306,1.192594,805191680.0
1636788376,1.031137,804618240.0
1636788448,0.799834,804564992.0
1636788522,1.058567,803831808.0
1636788601,1.297552,805150720.0
1636788682,1.115597,805179392.0
1636788766,1.098048,805031936.0
1636788855,1.327928,805236736.0
1636789585,0.043623,877973504.0
1636789595,0.07495,942628864.0
1636789606,0.07495,977317888.0
1636789874,0.038258,492584960.0
1636789991,0.337104,268435456.0
1636790072,0.346779,268435456.0
1636790163,0.393432,268423168.0
1636790367,0.003711,342499328.0
1636790378,0.003711,407257088.0
1636790388,0.018101,451239936.0
1636790399,0.018101,484622336.0
1636790410,0.119885,573292544.0
1636790421,0.119885,623521792.0
1636790432,0.244351,672382976.0
1636790444,0.245094,683188224.0
1636790456,0.252938,688439296.0
1636790467,0.398872,688828416.0
1636790479,0.398872,438042624.0
1636790491,0.466729,443879424.0
1636790502,0.327072,449671168.0
1636790519,0.564398,454963200.0
1636790817,0.029616,481243136.0
1636790827,0.029616,140783616.0
1636790838,0.009543,184684544.0
1636790848,0.009048,218042368.0
1636790859,0.114191,306741248.0
1636790871,0.114191,356741120.0
1636790882,0.251201,410525696.0
1636790894,0.242148,410525696.0
1636791093,0.004901,486674432.0
1636791103,0.004901,551276544.0
1636791114,0.016063,595226624.0
1636791124,0.016063,628613120.0
1636791135,0.066326,717279232.0
1636791146,0.105018,767475712.0
1636791158,0.26774,816848896.0
1636791169,0.242498,826585088.0
1636791181,0.34441,831418368.0
1636791192,0.389198,831418368.0
1636791204,0.389198,436064256.0
1636791216,0.504283,442896384.0
1636791228,0.424162,449048576.0
1636791244,0.500505,453103616.0
1636791256,0.530589,461778944.0
1636791268,0.530589,468713472.0
1636791286,0.504549,479768576.0
1636791299,0.483491,487436288.0
1636791313,0.494036,557887488.0
1636791330,0.724763,566419456.0
1636791352,0.548578,578748416.0
1636791373,0.711455,587403264.0
1636791394,0.577677,599961600.0
1636791417,0.824686,609538048.0
1636791438,0.779968,623161344.0
1636791460,0.692389,633880576.0
1636791483,0.891176,648986624.0
1636791505,0.844905,662102016.0
1636791529,1.049631,678170624.0
1636791555,1.136153,692998144.0
1636791583,1.025439,707817472.0
1636791613,0.810075,726642688.0
1636791644,0.862296,743415808.0
1636791678,0.985945,760233984.0
1636791714,0.97967,780431360.0
1636791751,1.207856,800038912.0
1636791791,1.27772,816959488.0
1636791832,0.776767,837492736.0
1636791878,0.946042,858664960.0
1636791923,0.99473,882569216.0
1636791973,1.123151,903413760.0
1636792023,1.163929,926867456.0
1636792077,0.824889,950149120.0
1636792134,0.903934,973991936.0
1636792193,0.978285,999718912.0
1636792253,1.133603,1024249856.0
1636792318,1.059474,1051586560.0
1636792385,1.243256,1077395456.0
1636792454,1.094496,1105465344.0
1636792528,0.967179,1133469696.0
1636792927,1.136402,1262280704.0
1636793743,5.3e-05,1515388928.0
1636793753,0.011273,1589993472.0
1636793764,0.011273,1614802944.0
1636793774,0.023143,1679572992.0
1636793785,0.023143,1721368576.0
1636793796,0.109546,1827217408.0
1636793807,0.245596,1847590912.0
1636793820,0.245596,1858555904.0
1636793831,0.361068,1858555904.0
1636793842,0.341835,432238592.0
1636793854,0.267753,432238592.0
1636794056,0.043125,508219392.0
1636794067,0.043125,572874752.0
1636794077,0.010346,616722432.0
1636794088,0.010346,650121216.0
1636794099,0.000959,738836480.0
1636794110,0.000959,788938752.0
1636794122,0.322773,843677696.0
1636794133,0.295572,848580608.0
1636794145,0.295572,848580608.0
1636794346,0.047006,492380160.0
1636794356,0.009524,556843008.0
1636794367,0.009524,600768512.0
1636794378,0.0,634224640.0
1636794388,0.08656,722849792.0
1636794399,0.08656,773009408.0
1636794411,0.306176,817664000.0
1636794422,0.26647,833138688.0
1636794433,0.26647,833138688.0
1636794635,0.00893,492675072.0
1636794645,0.079717,557256704.0
1636794655,0.077674,601559040.0
1636794666,0.077674,634613760.0
1636794677,0.009491,723349504.0
1636794688,0.009491,773394432.0
1636794700,0.247889,823574528.0
1636794711,0.248373,832528384.0
1636794722,0.248373,832528384.0
1636794734,0.345202,432779264.0
1636794745,0.345202,436031488.0
1636794757,0.474462,442519552.0
1636794770,0.370139,448237568.0
1636794786,0.537006,453795840.0
1636794798,0.48066,462897152.0
1636794811,0.48066,469979136.0
1636794828,0.56506,525242368.0
1636794841,0.690917,536203264.0
1636794854,0.690917,545558528.0
1636794872,0.728477,553668608.0
1636794894,0.522954,564862976.0
1636794915,0.590789,573804544.0
1636794936,0.644143,587350016.0
1636795151,0.045044,661815296.0
1636795162,0.010957,730116096.0
1636795172,0.020085,774012928.0
1636795183,0.020085,807473152.0
1636795194,0.061174,895979520.0
1636795205,0.090259,946212864.0
1636795216,0.268034,995303424.0
1636795227,0.24105,1001910272.0
1636795430,0.033235,484904960.0
1636795441,0.047997,552898560.0
1636795452,0.034929,597020672.0
1636795462,0.034929,630341632.0
1636795473,0.066398,719065088.0
1636795484,0.066398,769171456.0
1636795496,0.352444,817688576.0
1636795507,0.358344,828006400.0
1636795519,0.248797,828719104.0
1636795531,0.276969,431067136.0
1636795543,0.429335,437059584.0
1636795554,0.430267,443150336.0
1636795566,0.430267,448356352.0
1636795583,0.425734,453644288.0
1636795595,0.23901,453644288.0
1636795795,0.04683,529317888.0
1636795806,0.086924,594038784.0
1636795817,0.066084,638255104.0
1636795827,0.008109,671588352.0
1636795838,0.008689,760258560.0
1636795849,0.008689,810328064.0
1636795861,0.324681,855740416.0
1636795872,0.258825,861696000.0
1636796073,0.009843,484016128.0
1636796083,0.009843,548683776.0
1636796094,0.008231,592404480.0
1636796105,0.008015,625827840.0
1636796115,0.120736,714612736.0
1636796126,0.013241,764870656.0
1636796138,0.240184,813776896.0
1636796149,0.240184,824061952.0
1636796160,0.248056,829272064.0
1636796172,0.386654,829272064.0
1636796184,0.380151,433025024.0
1636796385,0.003348,508776448.0
1636796395,0.070329,573440000.0
1636796406,0.070329,617459712.0
1636796416,0.117802,650792960.0
1636796427,0.117802,739504128.0
1636796438,0.066553,789737472.0
1636796451,0.305753,844595200.0
1636796463,0.362876,850436096.0
1636796474,0.362876,850436096.0
1636796486,0.244357,422096896.0
1636796691,0.065916,498429952.0
1636796701,0.010537,562888704.0
1636796712,0.010537,606846976.0
1636796723,0.009625,640143360.0
1636796734,0.009625,713232384.0
1636796745,0.095361,763432960.0
1636796756,0.315878,821960704.0
1636796767,0.326203,839659520.0
1636796779,0.326203,839659520.0
1636796791,0.412037,427237376.0
1636796802,0.266809,437510144.0
1636796814,0.317768,443351040.0
1636796826,0.328756,448622592.0
1636796839,0.532732,454356992.0
1636796852,0.532666,463470592.0
1636796864,0.457219,463470592.0
1636797071,0.003698,490004480.0
1636797082,0.042819,604205056.0
1636797092,0.047101,648183808.0
1636797103,0.047101,681611264.0
1636797114,0.03991,754642944.0
1636797125,0.0,754642944.0
1636797137,0.261142,875663360.0
1636797148,0.347813,879808512.0
1636797159,0.347813,879808512.0
1636797172,0.300304,420433920.0
1636797376,0.061916,492986368.0
1636797386,0.107446,561188864.0
1636797397,0.045614,605388800.0
1636797407,0.021717,638623744.0
1636797418,0.059326,727293952.0
1636797429,0.059326,777371648.0
1636797441,0.309542,828379136.0
1636797452,0.385077,839901184.0
1636797464,0.250087,839901184.0
1636797475,0.254305,428961792.0
1636797487,0.416097,438013952.0
1636797499,0.410344,444276736.0
1636797511,0.410344,449687552.0
1636797527,0.434914,456417280.0
1636797539,0.483727,465174528.0
1636797552,0.483727,473071616.0
1636797570,0.754888,482914304.0
1636797583,0.871562,536559616.0
1636797596,0.451087,536559616.0
1636797613,0.656412,536788992.0
1636797636,0.566361,535748608.0
1636797658,0.734101,535179264.0
1636797985,0.373421,268345344.0
1636798044,0.373421,268333056.0
1636798146,0.345651,268435456.0
1636798353,0.019477,344797184.0
1636798363,0.019477,409657344.0
1636798374,0.072424,453545984.0
1636798385,0.072424,486625280.0
1636798395,0.085566,575467520.0
1636798407,0.085566,625573888.0
1636798419,0.236107,672862208.0
1636798430,0.298117,684920832.0
1636798442,0.395323,684920832.0
1636798453,0.241623,425558016.0
1636798666,0.063615,498200576.0
1636798676,0.066719,563027968.0
1636798687,0.077402,597569536.0
1636798697,0.072517,662343680.0
1636798709,0.072517,703594496.0
1636798720,0.096274,809447424.0
1636798731,0.299477,836284416.0
1636798743,0.432018,840814592.0
1636798754,0.246021,419704832.0
1636798767,0.339471,426889216.0
1636798778,0.363423,433811456.0
1636798791,0.363423,437755904.0
1636798804,0.329401,445972480.0
1636798816,0.39449,455671808.0
1636798831,0.546369,462327808.0
1636798844,0.435468,471764992.0
1636798857,0.456244,480821248.0
1636798874,0.831145,487141376.0
1636798894,0.486311,498290688.0
1636798916,0.512572,505769984.0
1636798937,0.712709,519249920.0
1636798958,0.573966,529403904.0
1636798981,0.631302,542797824.0
1636799205,0.049565,616878080.0
1636799216,0.094553,681717760.0
1636799226,0.024458,716410880.0
1636799237,0.069762,781115392.0
1636799248,0.069762,822824960.0
1636799259,0.097202,928378880.0
1636799270,0.241767,950255616.0
1636799282,0.456059,960249856.0
1636799293,0.248525,960249856.0
1636799306,0.350713,429375488.0
1636799606,0.045097,504266752.0
1636799616,0.019002,507670528.0
1636799627,0.043776,184496128.0
1636799638,0.025827,217743360.0
1636799648,0.053515,306487296.0
1636799660,0.053515,356614144.0
1636799671,0.375999,403431424.0
1636799682,0.375999,416620544.0
1636799694,0.274084,420851712.0
1636799706,0.274084,420851712.0
1636799913,0.004842,493723648.0
1636799923,0.064633,558452736.0
1636799934,0.064633,593051648.0
1636799945,0.075783,626536448.0
1636799956,0.075783,699834368.0
1636799967,0.065747,805744640.0
1636799978,0.239931,828899328.0
1636799989,0.325079,838336512.0
1636800001,0.325079,838336512.0
1636800012,0.54826,433348608.0
1636800024,0.287485,433348608.0
1636800238,0.004111,506191872.0
1636800249,0.0,570978304.0
1636800259,0.043267,605487104.0
1636800270,0.074711,639057920.0
1636800281,0.092811,712056832.0
1636800292,0.092973,817963008.0
1636800303,0.239362,843603968.0
1636800315,0.32527,843603968.0
1636800326,0.344613,420171776.0
1636800339,0.344613,427257856.0
1636800351,0.456756,433709056.0
1636800364,0.456756,433709056.0
1636800576,0.0,506769408.0
1636800587,0.0,571473920.0
1636800597,0.0,606187520.0
1636800608,0.03047,670781440.0
1636800619,0.03047,712429568.0
1636800630,0.063576,812064768.0
1636800641,0.252855,844636160.0
1636800653,0.284697,844636160.0
1636800664,0.284697,420589568.0
1636800675,0.344043,426942464.0
1636800687,0.344043,432943104.0
1636800896,0.027037,509005824.0
1636800906,0.084852,573644800.0
1636800916,0.053253,617668608.0
1636800927,0.053253,650973184.0
1636800938,0.009149,739598336.0
1636800949,0.009149,789643264.0
1636800962,0.310469,844140544.0
1636800973,0.314731,849715200.0
1636800984,0.314731,849715200.0
1636800996,0.398783,427155456.0
1636801008,0.258272,432103424.0
1636801020,0.333655,439013376.0
1636801032,0.413489,445304832.0
1636801045,0.309647,449695744.0
1636801058,0.581026,459141120.0
1636801071,0.458218,466468864.0
1636801088,0.525777,473985024.0
1636801101,0.64493,546844672.0
1636801114,0.628277,557649920.0
1636801132,0.722922,565940224.0
1636801153,0.540486,576589824.0
1636801385,0.008625,653135872.0
1636801396,0.094665,717680640.0
1636801406,0.0,717680640.0
1636801417,0.034673,802893824.0
1636801428,0.018577,858767360.0
1636801439,0.0,908902400.0
1636801451,0.288157,981651456.0
1636801462,0.325175,995954688.0
1636801473,0.325175,421105664.0
1636801485,0.386878,428519424.0
1636801497,0.386878,433586176.0
1636801511,0.276175,437940224.0
1636801523,0.454175,445812736.0
1636801536,0.425722,452247552.0
1636801553,0.507618,459706368.0
1636801566,0.499363,467279872.0
1636801579,0.507035,476626944.0
1636801596,0.50256,533602304.0
1636801617,0.600616,546324480.0
1636801638,0.566621,553861120.0
1636801661,0.586425,564064256.0
1636801681,0.566552,573988864.0
1636801703,0.74678,587825152.0
1636801724,0.689865,598142976.0
1636801746,0.767305,612937728.0
1636801770,0.828048,624844800.0
1636801791,0.807215,638627840.0
1636801814,0.916262,652881920.0
1636801839,0.9232,669474816.0
1636801864,0.931395,683986944.0
1636801893,1.101864,699248640.0
1636801921,0.989658,717230080.0
1636801953,0.827862,734076928.0
1636801987,0.967645,750833664.0
1636802022,0.861791,769609728.0
1636802060,1.106241,789266432.0
1636802099,1.129929,806854656.0
1636802140,0.879985,827072512.0
1636802184,1.139328,848445440.0
1636802231,1.024894,871444480.0
1636802280,1.318746,892698624.0
1636802330,1.207639,915853312.0
1636802384,1.260859,939532288.0
1636802439,1.131206,962297856.0
1636802498,1.152633,987750400.0
1636802560,0.948055,1012346880.0
1636802624,0.999909,1038831616.0
1636802690,1.020674,1065242624.0
1636802760,1.189938,1093443584.0
1636803060,1.109936,1188114432.0
1636804074,0.034234,1491091456.0
1636804084,0.078003,1555906560.0
1636804094,0.078003,1590448128.0
1636804105,0.067503,1623879680.0
1636804116,0.145991,1696935936.0
1636804128,0.086722,1799348224.0
1636804139,0.239576,1826197504.0
1636804150,0.320191,1834356736.0
1636804161,0.359829,1838313472.0
1636804173,0.545837,431943680.0
1636804185,0.27886,435871744.0
1636804391,0.042547,509976576.0
1636804402,0.042547,577855488.0
1636804412,0.020201,621821952.0
1636804423,0.020201,655245312.0
1636804434,0.075191,744001536.0
1636804445,0.075191,794124288.0
1636804456,0.271546,835571712.0
1636804467,0.271546,854814720.0
1636804479,0.243146,860053504.0
1636804491,0.249521,860053504.0
1636804503,0.249521,438374400.0
1636804514,0.41462,446099456.0
1636804527,0.41462,451440640.0
1636804543,0.489539,456859648.0
1636804555,0.243459,456859648.0
1636804779,0.004286,529457152.0
1636804790,0.082085,597471232.0
1636804801,0.035125,622473216.0
1636804811,0.035125,674701312.0
1636804822,0.052739,763478016.0
1636804833,0.052739,813514752.0
1636804844,0.319532,813514752.0
1636804856,0.319532,414650368.0
1636804868,0.244204,420335616.0
1636804880,0.242586,425156608.0
1636804892,0.381656,436396032.0
1636804904,0.387264,442466304.0
1636804916,0.387264,447401984.0
1636804928,0.337445,454942720.0
1636804941,0.337445,460832768.0
1636804956,0.369635,469663744.0
1636804968,0.649404,479645696.0
1636804981,0.649404,487243776.0
1636805004,0.40467,556482560.0
1636805020,0.669842,564076544.0
1636805042,0.568217,576331776.0
1636805064,0.812971,585621504.0
1636805085,0.537056,597102592.0
1636805107,0.842742,607674368.0
1636805130,0.80301,620818432.0
1636805150,0.582807,632487936.0
1636805173,0.955365,647606272.0
1636805196,0.794852,660168704.0
1636805220,0.735144,676024320.0
1636805246,1.262854,690688000.0
1636805274,1.02535,705851392.0
1636805304,0.890193,723042304.0
1636805335,0.800644,740352000.0
1636805368,1.115611,757784576.0
1636805406,1.03748,777629696.0
1636805444,0.999252,796553216.0
1636805483,1.12832,814170112.0
1636805524,0.890117,834834432.0
1636805569,1.047668,855080960.0
1636805617,1.16773,878755840.0
1636805665,1.18312,900378624.0
1636805716,0.84644,922873856.0
1636805770,1.106262,946782208.0
1636805826,1.154765,969601024.0
1636805886,0.886312,994193408.0
1636805947,0.816883,1019957248.0
1636806012,0.840279,1047252992.0
1636806218,0.920486,1108045824.0
1636806517,1.13405,1203531776.0
1636807537,0.0,1415307264.0
1636807547,0.010118,1489838080.0
1636807558,0.010118,1514909696.0
1636807568,0.011047,1548312576.0
1636807580,0.011047,1621184512.0
1636807591,0.128846,1726914560.0
1636807602,0.295023,1752195072.0
1636807613,0.234908,1759547392.0
1636807625,0.24239,1763524608.0
1636807637,0.412232,1771028480.0
1636807649,0.383011,1771028480.0
1636807661,0.383011,439263232.0
1636807673,0.505507,446754816.0
1636807685,0.356597,446738432.0
1636807891,0.061082,522625024.0
1636807902,0.010653,587399168.0
1636807912,0.046043,621973504.0
1636807923,0.046043,655372288.0
1636807934,0.01441,728260608.0
1636807945,0.097038,778305536.0
1636807956,0.31275,852271104.0
1636807968,0.380576,859664384.0
1636807980,0.307713,861954048.0
1636807991,0.474105,428462080.0
1636808003,0.474105,432570368.0
1636808017,0.411559,438554624.0
1636808029,0.400595,445145088.0
1636808041,0.400595,451715072.0
1636808053,0.692723,458436608.0
1636808066,0.392561,466087936.0
1636808081,0.62808,475746304.0
1636808094,0.791995,548446208.0
1636808108,0.569707,557539328.0
1636808125,0.824827,564191232.0
1636808147,0.525969,576552960.0
1636808367,0.006775,653512704.0
1636808378,0.007006,718061568.0
1636808388,0.009276,762011648.0
1636808399,0.009276,795348992.0
1636808410,0.007601,795348992.0
1636808421,0.080466,934100992.0
1636808432,0.238916,983044096.0
1636808444,0.245486,993034240.0
1636808456,0.297099,998051840.0
1636808467,0.368768,432214016.0
1636808479,0.368768,436056064.0
1636808491,0.537601,442269696.0
1636808503,0.537601,448528384.0
1636808517,0.4406,454639616.0
1636809031,0.029185,344109056.0
1636809042,0.009574,408887296.0
1636809052,0.018304,452820992.0
1636809063,0.018304,486305792.0
1636809074,0.006183,574763008.0
1636809086,0.141684,625004544.0
1636809099,0.238671,674574336.0
1636809110,0.292167,683462656.0
1636809122,0.394124,688005120.0
1636809134,0.237702,420052992.0
1636809339,0.039807,495845376.0
1636809350,0.039807,560455680.0
1636809360,0.054425,604266496.0
1636809371,0.054425,637734912.0
1636809382,0.027665,726077440.0
1636809393,0.008331,776093696.0
1636809406,0.242326,820776960.0
1636809417,0.232589,826503168.0
1636809619,0.036258,482562048.0
1636809630,0.036258,546897920.0
1636809641,0.043954,590807040.0
1636809651,0.078507,624234496.0
1636809662,0.014679,712994816.0
1636809674,0.114661,763113472.0
1636809685,0.264882,804401152.0
1636809697,0.355781,822853632.0
1636809709,0.327067,822853632.0
1636809721,0.417764,431865856.0
1636809733,0.394231,436404224.0
1636809748,0.45432,442155008.0
1636809761,0.46407,449363968.0
1636809773,0.270748,455143424.0
1636809790,0.593131,462127104.0
1636809803,0.685221,471207936.0
1636809817,0.492587,527106048.0
1636809837,0.507954,534298624.0
1636809855,0.753409,543162368.0
1636809877,0.522336,552693760.0
1636809898,0.779536,563761152.0
1636809919,0.635857,573431808.0
1636809939,0.595395,586047488.0
1636809963,0.800797,596844544.0
1636809989,0.82585,610496512.0
1636810013,0.852384,622223360.0
1636810035,0.77321,636260352.0
1636810060,0.927343,650350592.0
1636810089,0.895978,667303936.0
1636810143,0.798118,683024384.0
1636810201,0.875754,700653568.0
1636810264,0.924725,721616896.0
1636810332,0.961579,741208064.0
1636810401,0.899628,761389056.0
1636810476,0.976483,782942208.0
1636810552,0.850047,807223296.0
1636810634,0.877952,829329408.0
1636810721,0.971959,853938176.0
1636810811,0.872977,878788608.0
1636810906,0.901735,904429568.0
1636811008,0.983223,932515840.0
1636811112,0.926731,960040960.0
1636811284,0.949912,1012498432.0
1636811489,0.783985,1068535808.0
1636811581,0.735512,1092890624.0
1636813098,0.0,1513418752.0
1636813109,0.0,1578160128.0
1636813119,0.041997,1612824576.0
1636813130,0.071788,1646219264.0
1636813141,0.100162,1719160832.0
1636813154,0.252164,1824866304.0
1636813166,0.325949,1842372608.0
1636813177,0.325949,1858564096.0
1636813189,0.233346,1858564096.0
1636813202,0.330178,429010944.0
1636813214,0.38645,434532352.0
1636813226,0.408332,439386112.0
1636813238,0.408332,446758912.0
1636813251,0.472293,454103040.0
1636813266,0.648316,460431360.0
1636813279,0.448493,469585920.0
1636813292,0.517118,522522624.0
1636813309,0.666524,530350080.0
1636813331,0.50965,540262400.0
1636813544,0.069513,617885696.0
1636813555,0.069513,682569728.0
1636813566,0.043805,726585344.0
1636813576,0.047613,759992320.0
1636813588,0.257011,848175104.0
1636813599,0.007353,897966080.0
1636813610,0.245142,945831936.0
1636813623,0.3668,959041536.0
1636813634,0.3039,962449408.0
1636813646,0.335808,962449408.0
1636813843,0.003285,497283072.0
1636813854,0.003285,561848320.0
1636813864,0.021315,605810688.0
1636813875,0.021315,639172608.0
1636813887,0.072566,728023040.0
1636813898,0.0498,778149888.0
1636813910,0.328239,826937344.0
1636813921,0.334129,843100160.0
1636814116,0.0,448049152.0
1636814127,0.120924,562024448.0
1636814137,0.0,587022336.0
1636814148,0.0,638922752.0
1636814159,0.0,680632320.0
1636814170,0.137942,777834496.0
1636814182,0.251106,833159168.0
1636814194,0.249257,836554752.0
1636814206,0.306838,842412032.0
1636814218,0.483079,842412032.0
1636814230,0.32607,436436992.0
1636814243,0.46455,442523648.0
1636814256,0.40351,447234048.0
1636814272,0.489284,453038080.0
1636814474,0.0,525406208.0
1636814484,0.04431,593367040.0
1636814495,0.052575,637751296.0
1636814506,0.071868,670777344.0
1636814516,0.071868,759730176.0
1636814528,0.060799,809644032.0
1636814540,0.276605,865472512.0
1636814551,0.322488,869285888.0
1636814564,0.322488,875175936.0
1636814576,0.308529,875175936.0
1636814589,0.308529,434921472.0
1636814601,0.547653,442339328.0
1636814804,0.0,515112960.0
1636814815,0.065655,582979584.0
1636814826,0.082697,608153600.0
1636814836,0.083413,660406272.0
1636814847,0.137284,749256704.0
1636814859,0.007736,799494144.0
1636814871,0.371736,849903616.0
1636814882,0.371736,860626944.0
1636814894,0.298506,864501760.0
1636814905,0.365658,864501760.0
1636814919,0.519275,436105216.0
1636814931,0.488954,442925056.0
1636814945,0.488954,448585728.0
1636814958,0.474863,454606848.0
1636814971,0.540239,462024704.0
1636814985,0.595246,506089472.0
1636815004,0.356034,513671168.0
1636815021,0.593707,522649600.0
1636815228,0.032606,602877952.0
1636815238,0.032606,667516928.0
1636815249,0.044049,692658176.0
1636815260,0.114948,744923136.0
1636815271,0.109451,786575360.0
1636815282,0.063692,883732480.0
1636815294,0.279078,934912000.0
1636815306,0.321578,943251456.0
1636815319,0.321578,948981760.0
1636815331,0.433847,954015744.0
1636815344,0.51993,954015744.0
1636815356,0.450129,440684544.0
1636815369,0.450129,445825024.0
1636815383,0.466464,453775360.0
1636815395,0.488659,460447744.0
1636815408,0.503564,468905984.0
1636815426,0.743616,478261248.0
1636815447,0.631456,535228416.0
1636815467,0.541946,545574912.0
1636815490,0.55806,552833024.0
1636815511,0.570037,563732480.0
1636815532,0.724152,574255104.0
1636815557,0.733194,587157504.0
1636815577,0.89711,597807104.0
1636815600,0.870993,610725888.0
1636815625,0.85062,623132672.0
1636815647,0.778816,637169664.0
1636815671,0.82688,650928128.0
1636815700,0.886751,666972160.0
1636815755,0.799742,683917312.0
1636815814,0.868332,700276736.0
1636815850,0.905518,719925248.0
1636815918,0.83789,739319808.0
1636815986,0.881447,760123392.0
1636816056,0.990221,780587008.0
1636816108,0.948242,802115584.0
1636816190,0.898167,824328192.0
1636816278,0.938228,847351808.0
1636816369,0.789374,872706048.0
1636816467,0.963304,899235840.0
1636816570,0.859083,927408128.0
1636816677,0.977945,954781696.0
1636816851,0.935465,1006501888.0
1636818661,0.047139,1522507776.0
1636818671,0.133936,1587200000.0
1636818682,0.0,1621819392.0
1636818693,0.036469,1686654976.0
1636818704,0.036469,1728438272.0
1636818715,0.146053,1834323968.0
1636818727,0.281381,1855807488.0
1636818739,0.245513,1866670080.0
1636818750,0.245513,1869848576.0
1636818764,0.563284,1869848576.0
1636818776,0.4031,433831936.0
1636818789,0.276165,438235136.0
1636818804,0.561669,445308928.0
1636818817,0.459741,452612096.0
1636818830,0.372248,458067968.0
1636818847,0.523049,466808832.0
1636818861,0.510615,474828800.0
1636819067,0.0,550739968.0
1636819078,0.009429,615636992.0
1636819088,0.022637,659415040.0
1636819100,0.041876,692776960.0
1636819111,0.120154,781352960.0
1636819123,0.137814,831422464.0
1636819134,0.234706,880832512.0
1636819146,0.252232,889884672.0
1636819158,0.324173,895225856.0
1636819171,0.390728,895225856.0
1636819184,0.564313,437121024.0
1636819197,0.52346,438059008.0
1636819397,0.019444,514015232.0
1636819408,0.019444,578838528.0
1636819418,0.007552,622661632.0
1636819430,0.092102,656134144.0
1636819441,0.197547,744861696.0
1636819452,0.091892,822669312.0
1636819465,0.239961,839303168.0
1636819476,0.340023,854495232.0
1636819488,0.340023,852451328.0
1636819500,0.418019,425373696.0
1636819797,0.013127,502706176.0
1636819807,0.013127,502706176.0
1636819818,0.038506,184459264.0
1636819829,0.038506,217935872.0
1636819840,0.079935,306753536.0
1636819851,0.098986,356704256.0
1636819862,0.295713,410181632.0
1636819874,0.295713,416940032.0
1636819886,0.411446,421789696.0
1636819898,0.392198,431939584.0
1636819911,0.376736,435666944.0
1636819923,0.702216,441982976.0
1636819936,0.315623,447614976.0
1636819950,0.62517,455417856.0
1636820243,0.011184,532295680.0
1636820253,0.011184,532295680.0
1636820264,0.052115,184373248.0
1636820275,0.052115,217870336.0
1636820286,0.08592,306393088.0
1636820297,0.007414,356651008.0
1636820309,0.249527,410927104.0
1636820321,0.249527,416567296.0
1636820333,0.246513,421867520.0
1636820534,0.030767,499101696.0
1636820734,0.259142,268435456.0
1636820935,0.067754,340881408.0
1636820946,0.094352,408883200.0
1636820957,0.020852,452874240.0
1636820970,0.020852,486219776.0
1636820982,0.009519,575041536.0
1636820995,0.014478,624787456.0
1636821009,0.323959,669429760.0
1636821024,0.48773,683356160.0
1636821039,0.421931,420548608.0
1636821249,0.027743,499036160.0
1636821260,0.027743,563580928.0
1636821271,0.000483,607649792.0
1636821284,0.160359,641101824.0
1636821296,0.115354,729296896.0
1636821310,0.167728,779083776.0
1636821324,0.353869,830705664.0
1636821340,0.296751,834269184.0
1636821538,0.00328,487542784.0
1636821549,0.016015,551784448.0
1636821560,0.074024,595644416.0
1636821572,0.012378,628994048.0
1636821584,0.010409,717750272.0
1636821597,0.188036,796749824.0
1636821611,0.25553,820862976.0
1636821626,0.375538,827510784.0
1636821642,0.445687,421265408.0
1636821656,0.336171,434671616.0
1636821670,0.299557,438231040.0
1636821685,0.469005,444051456.0
1636821700,0.422288,450605056.0
1636821715,0.482775,457351168.0
1636821737,0.495133,464646144.0
1636821758,0.508526,473251840.0
1636821780,0.391854,519696384.0
1636821799,0.494429,526090240.0
1636821820,0.497724,536608768.0
1636821847,0.49799,544870400.0
1636821874,0.500863,548134912.0
1636822076,0.092862,624652288.0
1636822086,0.084522,688898048.0
1636822097,0.010665,732848128.0
1636822110,0.010665,766291968.0
1636822122,0.007432,839294976.0
1636822136,0.018946,889430016.0
1636822149,0.245982,958013440.0
1636822165,0.451118,963354624.0
1636822179,0.405246,421015552.0
1636822193,0.356371,432250880.0
1636822207,0.317611,436215808.0
1636822222,0.483988,441712640.0
1636822238,0.417108,447975424.0
1636822254,0.440399,454443008.0
1636822272,0.508455,461860864.0
1636822293,0.502193,470585344.0
1636822316,0.488626,517447680.0
1636822336,0.494127,522858496.0
1636822356,0.488509,532570112.0
1636822382,0.496293,542642176.0
1636822408,0.499842,553455616.0
1636822436,0.505465,562622464.0
1636822488,0.500932,575397888.0
1636822530,0.501121,588742656.0
1636822586,0.501175,605413376.0
1636822652,0.50144,618835968.0
1636822716,0.500274,634552320.0
1636822786,0.501318,651321344.0
1636822858,0.500758,668467200.0
1636822939,0.503156,685830144.0
1636823022,0.500017,703320064.0
1636823115,0.502431,723976192.0
1636823211,0.501938,743714816.0
1636823309,0.504264,763891712.0
1636823414,0.499781,787214336.0
1636823713,0.50419,852877312.0
1636823916,0.50386,901500928.0
1636826125,0.089422,1443635200.0
1636826136,0.052446,1508458496.0
1636826148,0.015786,1542926336.0
1636826160,0.025713,1607626752.0
1636826172,0.162804,1649508352.0
1636826186,0.097945,1746489344.0
1636826201,0.307397,1780793344.0
1636826215,0.249203,1786675200.0
1636826230,0.465383,1786675200.0
1636826244,0.486894,428568576.0
1636826258,0.420362,433831936.0
1636826273,0.376434,438317056.0
1636826293,0.498255,445435904.0
1636826313,0.494096,451440640.0
1636826335,0.490623,459554816.0
1636826356,0.374847,493805568.0
1636826380,0.502614,506761216.0
1636826397,0.45416,514179072.0
1636826421,0.496655,524255232.0
1636826446,0.493283,532664320.0
1636826471,0.503947,543830016.0
1636826514,0.502621,552865792.0
1636826555,0.497863,567656448.0
1636826598,0.501631,579538944.0
1636826640,0.500934,594796544.0
1636826700,0.500934,606384128.0
1636826748,0.501102,623415296.0
1636826817,0.502509,639156224.0
1636826892,0.501743,656711680.0
1636826973,0.5026,673599488.0
1636827061,0.503945,692076544.0
1636827151,0.501749,712830976.0
1636827245,0.501409,733380608.0
1636827345,0.498821,770883584.0
1636827454,0.501668,790151168.0
1636827646,0.501078,828723200.0
1636830153,0.062371,1483808768.0
1636830165,0.093427,1548627968.0
1636830176,0.093871,1583202304.0
1636830189,0.0,1616252928.0
1636830201,0.040743,1689280512.0
1636830215,0.155026,1791877120.0
1636830228,0.329841,1816965120.0
1636830243,0.430739,1820205056.0
1636830441,0.016954,488501248.0
1636830452,0.133381,553046016.0
1636830464,0.024147,596877312.0
1636830476,0.123724,630251520.0
1636830490,0.194582,708481024.0
1636830504,0.196001,796434432.0
1636830518,0.34264,822652928.0
1636830534,0.417834,827736064.0
1636830547,0.445053,420655104.0
1636830562,0.382966,429068288.0
1636830577,0.382966,432668672.0
1636830598,0.500806,438804480.0
1636830618,0.471426,446382080.0
1636830642,0.503818,452050944.0
1636830662,0.499235,460296192.0
1636830683,0.500855,468807680.0
1636830709,0.502339,478380032.0
1636830736,0.500312,536379392.0
1636830773,0.501397,545345536.0
1636830803,0.499591,553406464.0
1636830845,0.500795,566431744.0
1636830899,0.500135,575893504.0
1636830954,0.500714,589545472.0
1636831010,0.501708,601964544.0
1636831067,0.500013,617267200.0
1636831133,0.50343,631795712.0
1636831201,0.504201,649498624.0
1636831281,0.505824,663904256.0
1636831363,0.50285,681783296.0
1636831454,0.502795,698851328.0
1636831552,0.501248,716673024.0
1636831651,0.501026,738000896.0
1636831760,0.503765,757915648.0
1636834669,0.075379,1465860096.0
1636834680,0.092178,1530699776.0
1636834691,0.085817,1565356032.0
1636834702,0.104726,1630216192.0
1636834713,0.036374,1671847936.0
1636834727,0.134924,1777430528.0
1636834740,0.276769,1798123520.0
1636834754,0.449358,1808846848.0
1636834768,0.475951,1808846848.0
1636834782,0.356856,424935424.0
1636834980,0.039474,500682752.0
1636834990,0.039474,565526528.0
1636835001,0.066214,609370112.0
1636835014,0.066214,642564096.0
1636835026,0.047173,715546624.0
1636835041,0.278602,808873984.0
1636835054,0.338281,833630208.0
1636835069,0.443071,840093696.0
1636835083,0.467402,840585216.0
1636835097,0.356627,428412928.0
1636835111,0.316802,432500736.0
1636835127,0.468327,437362688.0
1636835141,0.383639,444416000.0
1636835158,0.439405,451330048.0
1636835177,0.500602,458260480.0
1636835197,0.469371,467042304.0
1636835220,0.399328,518111232.0
1636835240,0.482956,524902400.0
1636835260,0.495414,536858624.0
1636835287,0.496853,544419840.0
1636835583,0.00968,627023872.0
1636835594,0.00968,691814400.0
1636835606,0.033461,691814400.0
1636835618,0.033461,217772032.0
1636835630,0.148581,290861056.0
1636835643,0.157404,384053248.0
1636835657,0.257432,409346048.0
1636835674,0.446331,415637504.0
1636835688,0.459568,420397056.0
1636835702,0.331413,431235072.0
1636835718,0.320893,436006912.0
1636835737,0.503802,441675776.0
1636835758,0.481817,447700992.0
1636835780,0.497968,454340608.0
1636835799,0.494122,462999552.0
1636836097,0.0,552497152.0
